2975 5009
311 245 397 310 95
429 260 594 307 ΗΕΒ.
626 258 799 308 non.
832 258 880 306 1.
916 258 1088 330 rossi·
1118 257 1271 307 oor.
1298 256 1543 305 EPIPH.

315 418 377 475 in
428 416 642 475 virtute
691 413 936 494 Spiritus
989 414 1049 471 in
1088 411 1404 484 Galilaeam,
1459 419 1520 471 et

315 494 469 553 fama
488 494 632 552 exiit
658 514 760 570 per
786 493 1106 551 universam
1130 491 1416 568 regionem
1446 490 1520 549 de

316 574 432 632 illo.
512 573 592 631 Et
644 572 763 650 ipse
821 572 1058 629 docebat
1110 570 1168 626 in
1224 570 1522 647 synagogis

316 672 534 721 eorum,
562 659 622 708 et
651 649 1116 729 magnificabatur
1142 649 1215 705 ab
1243 649 1522 704 omnibus.

318 730 398 788 Et
422 729 580 788 venit
612 727 927 798 Nazareth,
966 730 1063 785 ubi
1092 734 1215 785 erat
1256 726 1523 796 nutritus,

319 818 380 868 et
425 807 661 866 intravit
703 806 1008 865 secundum
1055 804 1522 862 consuetudinem

316 907 474 945 suam
522 886 615 943 die
669 884 884 942 sabbati
930 885 991 939 in
1047 901 1406 958 synagogam,
1463 891 1525 939 et

317 964 569 1023 surrexit
620 962 828 1041 legere.
913 962 994 1019 Et
1037 961 1278 1019 traditus
1315 968 1401 1017 est
1442 959 1525 1016 illi

317 1042 461 1102 liber
491 1041 674 1101 Esaiae
700 1038 1012 1117 prophetae.
1093 1039 1172 1096 Et
1197 1045 1262 1094 ut
1289 1037 1525 1095 revolvit

319 1122 550 1190 librum,
599 1118 818 1177 invenit
868 1117 1048 1174 locum
1103 1116 1198 1174 ubi
1252 1116 1524 1192 scriptum

323 1208 491 1258 erat:
562 1197 808 1274 Spiritus
861 1194 1100 1252 Domini
1165 1213 1334 1270 super
1386 1214 1523 1251 me:

323 1284 559 1356 propter
598 1276 744 1351 quod
779 1273 947 1330 unxit
988 1294 1097 1343 me,
1141 1270 1526 1348 evangelizare

325 1353 661 1434 pauperibus
688 1352 839 1410 misit
879 1371 987 1422 me,
1029 1369 1224 1408 sanare
1252 1350 1526 1407 contritos

324 1435 517 1502 corde,
542 1431 850 1509 praedicare
878 1430 1110 1507 captivis
1137 1428 1524 1487 remissionem

324 1520 386 1570 et
434 1512 593 1569 caecis
640 1509 841 1579 visum,
882 1508 1173 1565 dimittere
1214 1504 1525 1564 confractos

325 1590 386 1646 in
454 1588 862 1659 remissionem,
927 1587 1239 1665 praedicare
1312 1603 1527 1641 annum

1707 258 1879 307 nou.
1927 257 2005 306 11.
2056 256 2226 307 ros'r
2274 256 2427 307 oc'r.
2475 259 2722 307 ΕΡΙΡΗ.
2760 245 2854 308 96

1633 413 1874 472 Domini
1925 422 2233 491 acceptum,
2284 422 2345 474 et
2390 416 2543 473 diem
2597 415 2847 474 retribu-

1633 493 1820 551 tionis,
1924 494 2003 551 Et
2066 513 2193 550 cum
2262 493 2546 570 plicuisset
2612 492 2845 565 librum,

1635 571 1887 629 reddidit
1926 571 2203 641 ministro,
2245 581 2304 629 et
2345 571 2510 629 sedit.
2593 571 2674 629 Et
2721 593 2846 630 om-

1637 648 1794 705 nium
1835 649 1895 706 in
1937 651 2237 728 Synagoga
2277 650 2422 708 oculi
2461 657 2627 708 erant
2653 649 2844 708 inten—

1636 728 1837 785 dentes
1865 727 1925 784 in
1956 748 2103 785 eum.
2204 728 2394 805 Coepit
2431 737 2624 787 autem
2656 728 2842 787 dicere

1636 805 1709 863 ad
1738 804 1890 864 illos:
1944 805 2095 872 Quia
2134 804 2301 864 hodie
2344 806 2577 884 impleta
2609 815 2695 865 est
2722 806 2843 865 haec

1637 885 1915 960 scriptura
1934 884 1993 941 in
2013 903 2082 941 au
2090 883 2241 942 ribus
2257 884 2476 942 vestris,
2547 885 2628 943 Et
2646 904 2844 945 omne·

1636 962 2018 1021 testimonium
2039 962 2118 1019 illi
2135 964 2379 1022 dabant:
2410 972 2469 1022 et
2491 964 2842 1021 mirabantur

1637 1040 1697 1097 in
1724 1042 1909 1131 verbis
1934 1042 2153 1120 gratiae,
2182 1060 2311 1118 quae
2350 1042 2733 1120 procedebant
2768 1043 2842 1101 de

1638 1138 1734 1176 ore
1756 1138 1941 1193 metus,
2717 1179 2724 1183 .

1715 1208 1743 1236 ⁸
1761 1197 1879 1254 Per
1937 1205 2111 1254 totam
2167 1197 2572 1255 hebdomadam
2630 1198 2842 1255 dicitur

1638 1275 1812 1331 missa
1852 1276 2231 1346 dominicalis),
2277 1276 2398 1333 ‘nisi
2420 1276 2634 1351 festum
2670 1278 2839 1333 inter-

1639 1361 1832 1409 currat
1884 1354 2032 1410 unde
2078 1355 2194 1429 fiat
2243 1354 2553 1424 servitium,
2617 1364 2668 1411 ct
2726 1355 2842 1412 nisi

1640 1431 1865 1505 quando
1886 1432 2078 1488 Missa
2100 1432 2260 1491 Salus
2279 1430 2498 1511 Populi,
2516 1433 2601 1490 vel
2620 1433 2841 1509 quando

1641 1508 1855 1642 ‘officitur
1914 1510 1981 1567 de
2030 1509 2168 1583 festo
2233 1511 2342 1568 loci
2399 1512 2485 1568 vel
2537 1511 2608 1568 de
2649 1519 2842 1570 mnata

1720 1587 1902 1644 aria!

690 1845 1076 1925 Dominica
1120 1845 1427 1920 secunda
1447 1860 1612 1943 post
1668 1849 1963 1924 octavas
1994 1851 2453 1950 Ιῇῡίρῆαηίω.

410 2035 689 2112 Officium.

409 2114 613 2172 Omnis
652 2123 809 2171 terra
854 2110 1056 2169 adoret
1109 2117 1186 2179 te,
1241 2108 1415 2179 Deus,
1471 2120 1531 2167 et

325 2191 530 2271 psallat
582 2190 721 2260 tibi3
780 2189 1056 2267 psalmum
1110 2188 1259 2244 dicat
1314 2187 1529 2244 nomini

326 2281 444 2338 tuo,
472 2268 792 2326 altissime.b

403 2346 691 2405 Psalmus.

395 2423 641 2478 Jubilate
664 2423 787 2488 Deo,
828 2417 1002 2473 omnis
1038 2425 1212 2473 terra:
1260 2417 1527 2489 psalmum

325 2496 486 2549 dicite
528 2493 737 2547 nomini
773 2491 904 2562 ejus,
944 2489 1069 2544 date
1109 2490 1336 2561 gloriam
1378 2489 1528 2544 laudi

325 2566 491 2637 ejus.⁶

413 2636 629 2696 Oratio,

405 2716 780 2791 Omnipotens
827 2709 1170 2787 sempiterne
1217 2709 1391 2778 DeuS,
1432 2708 1529 2785 qui

326 2793 572 2853 coelestia
612 2791 777 2850 simul
820 2800 880 2849 et
914 2799 1144 2847 terrena
1182 2787 1529 2856 moderaris3

326 2871 757 2950 supplicationes
823 2867 1017 2946 populi
1071 2867 1154 2924 tui
1219 2864 1531 2923 clementer

329 2950 554 3019 exaudi,
580 2956 638 3006 et
655 2968 849 3027 pacem
876 2956 1033 3005 tuam
1057 2944 1265 3002 nostris
1287 2943 1530 3001 concede

329 3027 693 3106 temporibus.
779 3028 891 3086 Per
918 3022 1247 3082 Dominum.

409 3107 517 3164 Ad
543 3105 877 3163 Romanosfl

409 3186 643 3243 Fratres
670 3184 968 3241 Habentes
987 3177 1319 3236 donationes
1339 3193 1532 3234 secun-

327 3265 465 3321 dum
528 3263 789 3341 gratiam,
843 3278 972 3335 quae
1023 3257 1157 3313 data
1222 3263 1308 3313 est
1373 3255 1534 3312 nobis

326 3341 688 3399 differentes:
713 3341 828 3396 sive
850 3334 1207 3414 prophetiam
1229 3333 1533 3391 secundum

328 3422 607 3477 rationem
631 3418 785 3486 fidei,
802 3417 918 3473 sive
936 3409 1313 3470 ministerium
1341 3410 1533 3467 minis-

329 3498 554 3566 trando,
581 3495 696 3553 sive
725 3494 817 3570 qui
858 3492 1022 3549 docet
1049 3491 1106 3545 in
1135 3489 1408 3559 doctrina,
1438 3488 1535 3564 qui

332 3575 671 3633 exhortatur
698 3574 757 3628 in
787 3569 1158 3638 exhortando,
1196 3567 1292 3644 qui
1329 3568 1535 3623 tribuit

325 3654 388 3709 in
430 3651 805 3730 simplicitate,
854 3647 949 3724 qui
991 3658 1201 3723 praeest.
1252 3645 1311 3700 in
1354 3644 1534 3701 solici-

329 3731 549 3801 tudine,
597 3729 694 3806 qui
751 3727 1052 3784 miseretur
1109 3725 1169 3780 in
1224 3722 1530 3780 hilaritate.

331 3809 578 3867 Dilectio
631 3806 750 3864 sine
802 3803 1173 3863 simulatione.
1258 3800 1532 3858 Odientes

331 3886 576 3956 malum3
606 3883 964 3942 adhaerentes
990 3883 1165 3938 bono:
1195 3877 1530 3936 charitatem

326 3963 698 4023 fraternitatis
744 3961 981 4018 invicem
1023 3958 1357 4034 diligentes:
1405 3956 1532 4014 Ho-

329 4063 466 4101 nore
503 4042 740 4098 invicem
781 4037 1229 4115 praevenientes:
1284 4034 1530 4093 solicitu-

327 4120 463 4179 dine
522 4140 637 4177 non
700 4117 884 4196 pigri:
942 4116 1160 4194 Spiritu
1210 4113 1527 4172 ferventes:

325 4276 353 4305 ⁸
388 4283 497 4320 nou
521 4265 725 4320 habent
748 4264 832 4317 92.
861 4263 944 4319 94.
973 4262 1058 4318 97.
1085 4261 1170 4318 98.
1201 4262 1249 4314 1.
1270 4259 1418 4314 4PV.
1440 4258 1527 4313 26.

325 4337 487 4460 313}
503 4407 610 4461 lxv.
682 4405 788 4460 xvi.
818 4404 894 4477 3.)

325 4487 349 4517 θ
385 4477 514 4531 ibid.
542 4478 612 4549 (v.
679 4479 716 4547 .)

1642 2027 1891 2094 Domino
1913 2036 2256 2098 servientes:
2287 2055 2385 2116 spe
2405 2037 2752 2114 gaudentes:
2782 2037 2839 2095 in

1641 2114 2003 2174 tribulatione
2031 2116 2339 2193 patientes:
2371 2116 2612 2174 orationi
2630 2117 2838 2175 instan-

1642 2200 1762 2250 tes:
1831 2193 2250 2253 necessitatibus
2304 2202 2624 2252 sanctorum
2692 2215 2838 2253 com·

1642 2270 2027 2330 municantes:
2071 2271 2517 2351 hospitalitatem
2544 2280 2833 2332 sectantes.

1642 2348 1970 2409 Benedicite
2046 2351 2465 2426 ersequentibus
2502 2372 2631 2421 vos;
2672 2354 2837 2410 bene·

1640 2428 1811 2485 dicite
1846 2437 1905 2486 et
1941 2449 2014 2486 no
2040 2429 2114 2486 ite
2143 2429 2493 2489 maledicere.
2580 2430 2837 2488 Gaudere

1642 2526 1768 2562 cum
1800 2507 2189 2584 gaudentibus,
2217 2508 2356 2566 flere
2383 2527 2510 2565 cum
2537 2507 2834 2566 flentibus:
2941 2567 2942 2576 ,

1641 2584 1896 2662 Idipsum
1925 2585 2163 2642 invicem
2191 2587 2534 2646 sentientes}
2564 2586 2703 2643 Non
2730 2584 2838 2644 alta

1640 2664 1939 2740 sapienteS,
1961 2663 2058 2721 sed
2087 2662 2392 2723 humilibus
2412 2663 2834 2723 consentientes.

1725 2740 1994 2798 Gradale.

1713 2816 1866 2871 Misit
1890 2817 2153 2871 Dominus
2170 2819 2407 2873 Verbum
2432 2836 2592 2871 suum
2617 2823 2675 2872 et
2690 2835 2837 2873 sana-

1643 2887 1722 2942 vit
1746 2904 1832 2941 eos
1854 2908 1864 2941 :
1892 2897 1945 2942 et
1970 2889 2168 2958 eripuit
2192 2907 2279 2943 eos
2301 2890 2368 2943 de
2393 2889 2620 2943 interitu
2644 2907 2840 2943 eorum.

1654 2959 1714 3012 V.
1790 2957 2163 3013 confiteantur
2206 2960 2434 3014 Domino
2473 2959 2844 3015 misericordiae

1645 3029 1762 3101 ejus
1786 3035 1840 3082 et
1865 3030 2132 3084 mirabilia
2156 3031 2273 3101 ejus
2295 3031 2423 3083 filiis
2446 3031 2776 3084 hominum.0

1716 3099 1988 3171 Alleluya.
2075 3101 2133 3155 V.
2211 3100 2453 3155 Laudato
2502 3101 2692 3171 Deum,
2732 3117 2842 3154 om·

1646 3187 1741 3253 nes
1787 3170 1967 3253 angeli
2014 3188 2160 3278 epus:
2218 3171 2438 3226 laudate
2477 3188 2617 3242 eum,
2659 3188 2846 3234 omnes

1645 3246 1874 3296 virtutes
1898 3259 1944 3312 eJ
1954 3259 2028 3295 us,

1732 3312 2047 3370 Secundum
2068 3312 2123 3370 J
2116 3314 2439 3371 ohannem.s

1729 3392 1800 3448 In
1832 3391 1928 3448 illo
1952 3399 2209 3468 tempore
2250 3391 2489 3468 Nuptiae
2525 3389 2689 3448 factae
2714 3397 2846 3447 sunt

1645 3468 1704 3526 in
1731 3470 1889 3529 Cana
1919 3467 2203 3528 Galilaeae:
2247 3478 2307 3529 et
2346 3478 2467 3528 erat
2494 3478 2679 3527 mater
2704 3468 2747 3527 J
2751 3489 2846 3526 esu

1645 3547 1740 3605 ibi.
1853 3547 2103 3605 Vocatus
2156 3557 2242 3606 est
2307 3555 2495 3605 autem
2563 3547 2732 3605 Jesus
2787 3554 2845 3604 et

1645 3625 1899 3703 discipuli
1961 3626 2081 3704 ejus
2134 3626 2207 3683 ad
2255 3626 2495 3702 nuptias.
2577 3625 2658 3683 Et
2702 3624 2844 3682 defi·

1644 3707 1829 3763 ciente
1850 3703 1999 3774 vin0‚
2028 3704 2179 3762 dixit
2200 3713 2382 3762 mater
2407 3703 2451 3760 J
2454 3723 2551 3760 esu
2576 3703 2649 3760 ad
2678 3722 2842 3760 eum:
2931 3735 2932 3744 κ

1645 3783 1858 3841 Vinum
1883 3802 1993 3839 non
2017 3782 2247 3841 habent.
2317 3783 2395 3841 Et
2414 3782 2552 3838 dicit
2573 3782 2624 3838 ei
2646 3781 2840 3838 Jesus:

1643 3862 1795 3929 Quid
1817 3859 1955 3917 mihi
1979 3870 2038 3919 et
2058 3861 2163 3919 tibi
2190 3869 2294 3929 est,
2315 3859 2516 3917 mulier
2540 3862 2563 3917 ἓ
2595 3859 2840 3916 nondum
2929 3901 2930 3920 2

1644 3941 1801 3998 venit
1852 3938 1993 3995 hora
2047 3960 2186 3997 mea.
2286 3938 2444 3995 Dicit
2488 3946 2675 3995 mater
2726 3938 2843 4014 ejus

1643 4018 1954 4076 ministris:
2007 4016 2393 4093 Quodcunque
2419 4015 2632 4073 dixerit
2673 4014 2840 4084 vobis,

1642 4095 1825 4155 facite.
1907 4094 2092 4153 Erant
2130 4104 2322 4154 autem
2360 4094 2439 4152 ibi
2478 4091 2715 4172 lapideae
2741 4091 2841 4167 hy-

1643 4254 1673 4292 ‘1
1708 4273 1822 4326 cap.
1849 4254 1939 4308 xii.
1970 4254 2033 4307 D.
2061 4257 2132 4325 (v.
2162 4254 2345 4326 6-16.)

1644 4335 1669 4363 e
1706 4326 1793 4379 Ps.
1821 4326 1922 4380 cvi.
1951 4325 2090 4395 (cvii.
2119 4325 2204 4393 20,
2232 4325 2346 4395 21.)

1645 4395 1665 4433 t
1697 4397 1783 4450 ΡΒ.
1810 4395 2006 4450 cxlviii.
2036 4395 2106 4465 (v.
2133 4395 2211 4465 2.)

1644 4475 1672 4513 8
1706 4484 1819 4538 cap.
1846 4465 1902 4519 ii.
1931 4466 1999 4521 A.
2028 4467 2099 4536 (v.
2129 4464 2309 4535 1-11.)
