2975 5009
146 268 272 338 513

135 454 194 493 ra
232 458 244 491 ε
287 435 520 493 terribili
558 442 615 493 et
651 437 702 492 ei
741 440 837 510 qui
874 439 1053 493 aufert
1092 438 1345 511 spiritum

137 508 457 634 ffipggipum,
502 508 733 564 terribili
781 511 927 582 apud
968 527 1155 566 omnes
1200 528 1350 583 reges

213 622 692 708 Postcommunia

214 727 483 800 Purifica,
522 728 791 802 Domine,
818 747 1158 808 quaesumus,
1187 751 1347 790 men-

141 814 221 864 tes
250 815 472 865 nostras
512 807 808 886 benignus,
835 818 895 867 et
923 826 1131 866 renova
1155 808 1349 869 coeles-

139 886 286 943 tibus
312 886 716 959 sacramentis3
758 894 824 944 ut
849 895 1262 962 consequenter
1288 896 1348 948 et

757 280 1117 333 DOMINIOA
1147 282 1360 335 XVIII.
1395 285 1566 337 Posm
1599 288 2072 340 TRINI'I'ATEM.

2549 271 2678 336 514

1461 464 1764 537 corporum
1797 465 2049 524 praesens
2090 442 2305 524 pariter
2330 451 2391 503 et
2416 441 2674 504 futurum

1460 543 1746 603 capiamus
1772 524 2070 584 auxilium.
2152 524 2267 583 Per
2293 521 2629 582 Dominum.

1562 643 1776 716 Feria
1835 653 2116 740 quarta.

1544 740 1831 819 Epistola.
1874 742 1938 802 Si
1978 740 2130 799 enim
2159 734 2344 809 unius,
2379 744 2431 796 et
2469 736 2667 795 Evan-

1458 818 1687 893 9elium.
1730 821 1874 881 Cum
1915 818 2164 878 venisset
2203 817 2246 875 J
2248 835 2373 875 esus
2399 822 2461 875 et
2498 814 2668 873 disci-

1500 896 1598 953 uli.
1632 976 1644 988 .
1702 897 2063 989 Requireufln
2105 902 2312 973 quarta
2341 892 2504 971 seria
2540 898 2672 970 post

1525 995 1838 1036 ommeeam
1863 995 2030 1035 xxm.

469 1226 859 1302 Dominica
941 1229 1241 1302 Decima
1315 1239 1563 1301 octava
1631 1238 1797 1323 post
1885 1226 2319 1299 Trinitatem.

215 1408 327 1466 Ad
352 1409 619 1468 Missam.
707 1409 1024 1487 Officium.⁸

217 1486 313 1544 Da
357 1507 573 1565 pacem,
628 1489 894 1561 Domine,
942 1487 1350 1549 sustinentibus

139 1572 218 1636 te,
235 1575 303 1623 ut
322 1566 621 1645 prophetes
638 1568 723 1624 tui
746 1568 941 1627 fideles
956 1569 1344 1627 inveniantur:

137 1644 350 1702 exaudi
376 1665 571 1722 preces
597 1646 744 1704 servi
786 1648 870 1705 tui
907 1655 967 1707 et
1006 1646 1186 1725 plebis
1211 1654 1346 1718 tuse,

140 1720 344 1780 Israel.

217 1800 540 1858 Psalmis&

204 1876 457 1931 Laetatus
492 1895 613 1932 sum
656 1878 715 1931 in
752 1878 839 1932 his
873 1895 999 1949 quae
1034 1879 1181 1933 diota
1214 1886 1347 1935 sunt

133 1947 277 2000 mihi
306 1967 318 1999 :
343 1948 404 2000 in
427 1949 646 2003 domum
673 1949 892 2003 Domini
914 1949 1129 2005 ibimus.

218 2018 447 2078 Oratio,

214 2099 330 2168 Da,
352 2117 691 2174 quaesumus,
713 2099 979 2172 Domine,
1007 2098 1216 2179 populo
1237 2107 1343 2160 tuo

129 2175 414 2236 diabolica
450 2176 630 2237 vitare
661 2179 935 2257 contagia,
963 2188 1025 2239 et
1061 2187 1121 2237 te
1161 2180 1343 2240 solum

134 2254 330 2346 Deum
359 2275 504 2333 pura
528 2264 722 2316 mente
748 2258 970 2316 sectari.
1072 2256 1186 2315 Per
1225 2258 1345 2317 Do·

135 2352 417 2468 ωιὲἳιῗῖἑο
456 2410 520 2471 Ε
573 2412 732 2470 ‘stoloe
773 2413 921 2471 beati
950 2412 1134 2472 Pauli
1158 2414 1347 2490 Apos-

129 2489 238 2546 toli
265 2511 286 2546 .·
341 2488 444 2546 Ad
521 2490 839 2547 orinthiow

210 2566 472 2637 Fratres,
504 2568 731 2626 Gratias
757 2587 864 2645 ago
888 2567 1014 2626 Deo
1041 2586 1169 2625 meo
1199 2587 1348 2626 sem-

131 2663 237 2721 per
281 2663 391 2722 pro
417 2644 573 2701 vobis
599 2644 659 2700 in
690 2645 876 2734 gratia
902 2644 1032 2716 Dei,
1060 2665 1188 2723 quae
1216 2646 1350 2703 data

131 2733 221 2782 est
271 2721 437 2778 vobis
483 2721 545 2776 in
586 2720 816 2779 Christo
869 2720 913 2779 J
914 2742 1048 2781 esu:
1110 2722 1242 2799 quia
1286 2722 1347 2779 in

131 2800 405 2859 omnibus
447 2797 648 2856 divites
690 2797 823 2857 facti
863 2800 998 2857 estis
1033 2800 1092 2855 in
1131 2798 1243 2871 illo,
1287 2799 1348 2857 in

131 2878 295 2937 omni
329 2878 505 2935 verbo
530 2886 590 2934 et
621 2876 681 2933 in
718 2877 875 2934 omni
913 2877 1163 2948 scientia,
1205 2878 1349 2936 sicut

127 2955 532 3017 testimonium
577 2954 790 3013 Christi
830 2956 1226 3013 confirmatum
1259 2963 1346 3014 est

130 3035 193 3092 in
220 3035 420 3094 vobis:
447 3034 531 3091 ita
549 3042 616 3092 ut
635 3033 781 3091 nihil
803 3034 956 3092 vobis
976 3033 1124 3092 desit
1145 3035 1205 3090 in
1234 3033 1347 3091 ulla

125 3114 345 3191 gratia,
412 3112 869 3190 exspectantibus
942 3112 1342 3171 revelationem

132 3190 381 3251 Domini
416 3191 595 3249 nostri
635 3190 679 3249 J
680 3210 780 3249 esu
817 3190 1048 3251 Christi.
1149 3190 1263 3259 Qui
1288 3198 1348 3252 et

126 3270 507 3331 confirmabit
547 3289 645 3328 vos
682 3289 857 3347 usque
897 3269 957 3326 in
1001 3269 1179 3329 finem
1223 3268 1345 3328 sine

127 3348 402 3418 crimine,
430 3347 489 3404 in
518 3348 611 3407 die
636 3349 913 3408 adventus
940 3347 1174 3407 Domini
1214 3367 1344 3406 nos·-

130 3427 220 3487 tri
247 3427 293 3485 J
296 3446 390 3484 esu
420 3425 654 3485 Christi.

224 3502 529 3564 Gradale.‘¹

209 3582 461 3638 Laetatus
498 3598 619 3635 sum
654 3581 715 3634 in
757 3580 844 3634 his
879 3597 1003 3651 quae
1037 3580 1184 3636 dicta
1218 3586 1349 3636 suut

126 3653 281 3709 mihi
309 3672 321 3707 ς
349 3652 408 3705 in
432 3653 654 3706 domum
680 3651 899 3706 Domini
922 3652 1135 3706 ibimus.

141 3726 213 3780 V.
292 3723 417 3776 Fiat
448 3740 555 3794 pax
586 3722 646 3776 in
679 3722 884 3778 virtute
914 3728 1013 3778 tua
1043 3741 1055 3776 :
1087 3728 1144 3777 et
1174 3723 1348 3777 abun-

128 3795 336 3852 dantia
357 3793 417 3846 in
442 3793 681 3848 turribus
703 3792 827 3846 tuis.

212 3864 493 3936 Alleluya.
555 3863 615 3917 V.
707 3862 951 3924 Laetatus
991 3880 1113 3918 sum
1155 3862 1214 3914 in
1263 3862 1350 3916 his

126 3954 268 4009 quae
286 3935 433 3990 dicta
453 3940 585 3989 sunt
603 3933 737 3987 mihi
765 3953 777 3987 :
802 3933 862 3987 in
882 3934 1104 3988 domum
1128 3931 1349 3988 Domini

129 4008 364 4064 ibimus.

135 4080 210 4134 V.
288 4077 505 4132 Stantes
522 4079 680 4129 erant
701 4073 862 4146 pedes
880 4073 1052 4129 nostri
1079 4094 1090 4128 :
1116 4073 1177 4127 in
1194 4072 1350 4130 atriis

126 4159 157 4189 θ
172 4147 340 4218 tuisf
363 4145 720 4201 Hierusalem.

122 4300 156 4330 ⁸
204 4287 367 4343 Eccli.
392 4304 508 4358 cap.
535 4285 717 4341 xxxvi.
746 4283 854 4355 (16,
883 4284 994 4356 17.)

122 4363 158 4401 b
202 4359 296 4414 Ps.
321 4358 461 4414 cxxi.
497 4356 679 4429 (cxxii.
709 4356 782 4428 1.)

122 4443 152 4473 ο
199 4429 238 4482 1
263 4429 333 4484 ad
357 4429 474 4483 Gor.
500 4444 613 4497 cap.
640 4426 675 4481 i.
704 4430 774 4484 A.
803 4425 873 4497 (v.
900 4424 1050 4496 4-8.)

122 4505 157 4543 d
205 4498 295 4555 ΡΒ.
322 4499 461 4558 cxxi.
490 4497 671 4571 (cxxii.
701 4497 748 4566 1,
779 4498 825 4567 7,
856 4496 901 4568 1,
929 4497 1007 4568 2.)

578 4571 665 4633 33

1541 1409 1658 1470 Isti
1691 1409 1804 1468 duo
1850 1409 2048 1468 Versus
2090 1406 2362 1464 dicuntur
2390 1425 2500 1483 per
2537 1404 2661 1463 heb-

1461 1488 1769 1548 domadam
1804 1486 2037 1545 alternis
2062 1485 2276 1542 vicibus
2298 1505 2322 1554 ;
2361 1484 2449 1540 ita
2474 1491 2662 1541 tamen

1460 1568 1611 1645 quod
1675 1586 1861 1623 versas
1926 1563 2144 1618 Stantes
2198 1561 2395 1639 primo
2446 1560 2665 1617 dicitur

1460 1645 1687 1722 quando
1714 1644 1782 1701 de
1805 1642 1965 1719 feria
1992 1642 2202 1717 ayitur.
2307 1638 2384 1695 Et
2420 1638 2475 1695 si
2498 1637 2663 1695 nulla

1443 1724 1608 1800 fem'a
1640 1743 1749 1799 per
1792 1722 1938 1779 hanc
1983 1716 2387 1777 hebdomadam
2431 1715 2511 1773 ad
2562 1715 2661 1773 hoc

1457 1801 1761 1872 vacaverit,
1789 1808 1920 1857 twnc
1945 1798 2180 1868 ultimus
2205 1815 2391 1852 versus
2417 1815 2477 1852 eo
2508 1812 2661 1854 anno

1457 1880 1688 1938 omnino
1705 1876 2191 1955 praetermittatur.

1542 1956 1842 2034 Sequentia
1860 1956 2044 2012 sancti
2063 1949 2372 2029 Evanqelii
2393 1973 2411 2008 .·
2454 1947 2661 2008 Secum-

1455 2035 1595 2094 dum
1622 2035 2010 2093 Mamaeum!

1554 2114 1630 2171 In
1684 2112 1780 2171 illo
1825 2121 2106 2190 tempore,
2155 2108 2538 2166 Accesserunt
2587 2105 2662 2163 ad

1455 2193 1499 2251 J
1501 2213 1655 2251 esum
1681 2192 1956 2250 Pharisaei
1980 2211 1996 2263 ;
2039 2198 2100 2248 et
2125 2185 2500 2263 interrogavit
2527 2202 2659 2243 eum

1457 2290 1603 2329 unus
1625 2291 1699 2330 ex
1719 2271 1819 2342 eiS,
1836 2269 1978 2349 legis
2003 2267 2219 2338 doctor,
2240 2272 2472 2323 tentans
2491 2282 2622 2322 eum
2640 2282 2658 2334 ;

1459 2349 1758 2427 Magister,
1801 2348 1951 2425 quod
1991 2347 2080 2405 est
2119 2344 2454 2403 mandatum
2498 2360 2656 2419 mag-

1460 2447 1598 2484 num
1619 2428 1678 2484 in
1706 2427 1790 2485 Le
1830 2428 1896 2485 e?
1953 2425 2062 2483 Ait
2080 2422 2164 2480 illi
2190 2423 2393 2494 Jesus;
2437 2419 2660 2498 Diliges

1463 2505 1773 2562 Dominum
1874 2523 2001 2562 eum
2042 2511 2204 2559 tuum
2233 2521 2308 2559 ex
2343 2508 2463 2558 toto
2488 2497 2659 2556 corde

1458 2589 1559 2639 tuo
1606 2591 1667 2640 et
1711 2583 1772 2640 in
1812 2590 1936 2640 tota
1975 2580 2165 2637 anima
2197 2586 2297 2636 tua
2335 2586 2395 2636 et
2436 2577 2496 2634 in
2535 2583 2661 2635 tota

1461 2667 1655 2717 mente
1708 2669 1823 2718 tua.
1931 2658 2060 2716 Hoc
2104 2664 2192 2715 est
2239 2656 2551 2714 maximum
2599 2663 2660 2714 et

1459 2736 1709 2812 primum
1751 2736 2102 2794 mandatum.
2198 2734 2521 2794 Secundum
2559 2753 2659 2790 au-

1458 2824 1579 2872 tem
1603 2813 1783 2872 simile
1801 2821 1886 2873 est
1905 2813 2060 2872 huic:
2099 2811 2316 2890 Diliges
2376 2811 2660 2869 roximum

1459 2899 1624 2950 tuum
1666 2892 1810 2949 sicut
1847 2891 2109 2969 teipsum.
2210 2890 2283 2947 In
2325 2833 2413 2947 iiis
2443 2890 2660 2949 duobus

1456 2968 1741 3028 mandatis
1766 2969 2032 3027 universa
2055 2968 2153 3029 lex
2187 2969 2402 3046 pendet
2429 2976 2488 3027 et
2526 2987 2656 3045 pro-

1456 3047 1668 3141 phetae.
1732 3046 2103 3125 Congregatis
2123 3054 2314 3104 autem
2333 3045 2658 3119 Pharisaeis,

1457 3126 1834 3205 interrogavit
1874 3144 1969 3184 eos
2001 3124 2043 3183 J
2047 3143 2190 3196 esus,
2218 3124 2447 3196 dicens3
2500 3124 2657 3192 Quid

1459 3204 1616 3265 vobis
1642 3206 1868 3263 videtur
1908 3204 1980 3262 de
2007 3200 2281 3261 Christo?
2323 3202 2481 3280 cujus
2505 3202 2659 3262 filius

1459 3285 1589 3343 est?
1670 3284 1885 3342 Dicunt
1924 3281 2021 3352 ei;
2070 3280 2275 3339 David.
2359 3281 2468 3339 Ait
2508 3279 2657 3352 illis;

1463 3362 1761 3430 Quomodo
1788 3381 1924 3441 ergo
1949 3358 2137 3418 David
2164 3358 2223 3415 in
2254 3358 2475 3448 Spiritu
2500 3367 2661 3417 vocat

1459 3461 1589 3501 eum
1617 3441 1950 3511 Dominum,
1979 3438 2206 3496 dicens:
2248 3435 2420 3494 Dixit
2461 3436 2661 3495 Domi-

1459 3539 1567 3578 nus
1594 3519 1843 3577 Domino
1861 3537 1991 3577 meo
2013 3537 2026 3574 t
2068 3515 2203 3576 sede
2222 3536 2257 3573 a
2277 3512 2497 3573 dextris
2518 3515 2661 3578 meis

1459 3598 1639 3657 donec
1678 3618 1884 3676 ponam
1910 3596 2169 3653 inimicos
2195 3602 2321 3651 tuos
2357 3591 2656 3651 scabellum

1460 3678 1669 3754 pedum
1697 3677 1966 3735 tuorum?
2052 3673 2113 3734 Si
2134 3691 2270 3751 ergo
2295 3671 2480 3729 David
2503 3678 2664 3732 vocat

1461 3775 1592 3813 eum
1640 3754 1972 3826 Dominum,
2018 3751 2301 3830 quomodo
2347 3749 2498 3807 filius
2539 3750 2661 3826 ejus

1462 3835 1596 3892 est?
1677 3833 1755 3891 Et
1791 3852 1960 3893 nemo
1987 3838 2212 3910 poterat
2236 3827 2580 3907 respondere
2607 3827 2660 3888 ei

1459 3914 1735 3970 verbum:
1792 3931 1974 3988 neque
2013 3927 2178 3967 ausus
2215 3905 2325 3965 fuit
2363 3906 2658 3984 quisquam

1460 4008 1536 4047 ex
1560 3987 1656 4045 illa
1681 3989 1774 4047 die
1801 4009 1931 4047 eum
1958 3987 2199 4066 amplius
2225 3985 2597 4063 interrogare.

1543 4066 1955 4141 offertori‘cmss

1531 4142 1896 4199 Sanctificavit
1942 4142 2155 4215 Moyses
2194 4141 2366 4198 altare
2413 4139 2659 4211 Domine,

1461 4292 1486 4321 Θ
1522 4300 1634 4338 non
1657 4283 1861 4338 habent
1882 4282 1968 4337 94.
1995 4282 2080 4337 98.
2108 4282 2270 4340 Grad.

1460 4352 1481 4392 ¹
1524 4372 1637 4425 cap.
1663 4353 1794 4410 xxii.
1821 4352 1886 4409 D.
1918 4355 1991 4425 (v.
2019 4352 2237 4425 35-46.)

1460 4435 1489 4474 Β
1525 4424 1699 4481 Exodi
1723 4439 1836 4498 cap.
1864 4425 2008 4481 xxiv.
2037 4423 2110 4495 (4,
2139 4423 2216 4495 5..)
