<?xml version="1.0" encoding="UTF-8"?>
<!DOCTYPE html PUBLIC "-//W3C//DTD XHTML 1.0 Transitional//EN"
    "http://www.w3.org/TR/xhtml1/DTD/xhtml1-transitional.dtd">
<html xmlns="http://www.w3.org/1999/xhtml" xml:lang="en" lang="en">
 <head>
  <title>
</title>
<meta http-equiv="Content-Type" content="text/html;charset=utf-8" />
  <meta name='ocr-system' content='tesseract 3.04.00' />
  <meta name='ocr-capabilities' content='ocr_page ocr_carea ocr_par ocr_line ocrx_word'/>
</head>
<body>
  <div class='ocr_page' id='page_1' title='image "./missaleadusumin00cathgoog_0308.png"; bbox 0 0 2975 5009; ppageno 0'>
   <div class='ocr_carea' id='block_1_1' title="bbox 350 237 1145 483">
    <p class='ocr_par' dir='ltr' id='par_1_1' title="bbox 350 237 1145 483">
     <span class='ocr_line' id='line_1_1' title="bbox 350 237 480 308; baseline -0.008 -3"><span class='ocrx_word' id='word_1_1' title='bbox 350 237 480 308; x_wconf 82' lang='lat'><strong>579</strong></span> 
     </span>
     <span class='ocr_line' id='line_1_2' title="bbox 355 405 1145 483; baseline -0.004 -11"><span class='ocrx_word' id='word_1_2' title='bbox 355 407 628 472; x_wconf 75' lang='lat' dir='ltr'><strong>Ascende</strong></span> <span class='ocrx_word' id='word_1_3' title='bbox 652 405 846 468; x_wconf 85' lang='lat' dir='ltr'><strong>lumen</strong></span> <span class='ocrx_word' id='word_1_4' title='bbox 872 408 1145 483; x_wconf 86' lang='lat' dir='ltr'><strong>sensibus,</strong></span> 
     </span>
    </p>
   </div>
   <div class='ocr_carea' id='block_1_2' title="bbox 333 486 1586 2995">
    <p class='ocr_par' dir='ltr' id='par_1_2' title="bbox 434 486 1261 563">
     <span class='ocr_line' id='line_1_3' title="bbox 434 486 1261 563; baseline 0.001 -15"><span class='ocrx_word' id='word_1_5' title='bbox 434 486 673 548; x_wconf 84' lang='lat' dir='ltr'><strong>infunde</strong></span> <span class='ocrx_word' id='word_1_6' title='bbox 701 507 956 547; x_wconf 85' lang='lat' dir='ltr'><strong>amorem</strong></span> <span class='ocrx_word' id='word_1_7' title='bbox 983 490 1261 563; x_wconf 87' lang='lat' dir='ltr'><strong>cordibus,</strong></span> 
     </span>
    </p>

    <p class='ocr_par' dir='ltr' id='par_1_3' title="bbox 439 566 1170 646">
     <span class='ocr_line' id='line_1_4' title="bbox 439 566 1170 646; baseline 0.003 -21"><span class='ocrx_word' id='word_1_8' title='bbox 439 566 675 625; x_wconf 83' lang='lat' dir='ltr'><strong>infirma</strong></span> <span class='ocrx_word' id='word_1_9' title='bbox 707 566 891 625; x_wconf 81' lang='lat' dir='ltr'><strong>nostri</strong></span> <span class='ocrx_word' id='word_1_10' title='bbox 917 568 1170 646; x_wconf 88' lang='lat' dir='ltr'><strong>corporis</strong></span> 
     </span>
    </p>

    <p class='ocr_par' dir='ltr' id='par_1_4' title="bbox 439 644 1248 726">
     <span class='ocr_line' id='line_1_5' title="bbox 439 644 1248 726; baseline 0.001 -22"><span class='ocrx_word' id='word_1_11' title='bbox 439 644 654 704; x_wconf 79' lang='lat' dir='ltr'><strong>virtute</strong></span> <span class='ocrx_word' id='word_1_12' title='bbox 680 644 919 704; x_wconf 88' lang='lat' dir='ltr'><strong>firmans</strong></span> <span class='ocrx_word' id='word_1_13' title='bbox 945 646 1248 726; x_wconf 86' lang='lat' dir='ltr'><strong>perpetim.</strong></span> 
     </span>
    </p>

    <p class='ocr_par' dir='ltr' id='par_1_5' title="bbox 366 720 1258 881">
     <span class='ocr_line' id='line_1_6' title="bbox 366 720 1147 803; baseline 0 -20"><span class='ocrx_word' id='word_1_14' title='bbox 366 723 616 784; x_wconf 86' lang='lat' dir='ltr'><strong>Hostem</strong></span> <span class='ocrx_word' id='word_1_15' title='bbox 641 720 881 801; x_wconf 77' lang='lat' dir='ltr'><strong>repellas</strong></span> <span class='ocrx_word' id='word_1_16' title='bbox 905 723 1147 803; x_wconf 84' lang='lat' dir='ltr'><strong>longius,</strong></span> 
     </span>
     <span class='ocr_line' id='line_1_7' title="bbox 443 802 1258 881; baseline 0.001 -20"><span class='ocrx_word' id='word_1_17' title='bbox 443 820 751 881; x_wconf 87' lang='lat' dir='ltr'><strong>pacemque</strong></span> <span class='ocrx_word' id='word_1_18' title='bbox 776 802 952 861; x_wconf 91' lang='lat' dir='ltr'><strong>dones</strong></span> <span class='ocrx_word' id='word_1_19' title='bbox 978 803 1258 881; x_wconf 87' lang='lat' dir='ltr'><strong>protinus,</strong></span> 
     </span>
    </p>

    <p class='ocr_par' dir='ltr' id='par_1_6' title="bbox 333 879 1174 1018">
     <span class='ocr_line' id='line_1_8' title="bbox 333 879 1132 959; baseline 0.001 -21"><span class='ocrx_word' id='word_1_20' title='bbox 333 897 336 902; x_wconf 84' lang='grc'><em>·</em></span> <span class='ocrx_word' id='word_1_21' title='bbox 446 880 681 940; x_wconf 88' lang='lat' dir='ltr'><strong>ductore</strong></span> <span class='ocrx_word' id='word_1_22' title='bbox 707 879 786 939; x_wconf 87' lang='lat' dir='ltr'><strong>sic</strong></span> <span class='ocrx_word' id='word_1_23' title='bbox 810 888 871 940; x_wconf 90' lang='lat' dir='ltr'><strong>te</strong></span> <span class='ocrx_word' id='word_1_24' title='bbox 898 881 1132 959; x_wconf 75' lang='lat' dir='ltr'><strong>praevio,</strong></span> 
     </span>
     <span class='ocr_line' id='line_1_9' title="bbox 449 959 1174 1018; baseline 0.003 -2"><span class='ocrx_word' id='word_1_25' title='bbox 449 959 694 1018; x_wconf 78' lang='lat' dir='ltr'><strong>vitemus</strong></span> <span class='ocrx_word' id='word_1_26' title='bbox 722 977 889 1017; x_wconf 88' lang='lat' dir='ltr'><strong>omne</strong></span> <span class='ocrx_word' id='word_1_27' title='bbox 918 959 1174 1018; x_wconf 86' lang='lat' dir='ltr'><strong>noxium.</strong></span> 
     </span>
    </p>

    <p class='ocr_par' dir='ltr' id='par_1_7' title="bbox 370 1036 1217 1110">
     <span class='ocr_line' id='line_1_10' title="bbox 370 1036 1217 1110; baseline -0.006 -10"><span class='ocrx_word' id='word_1_28' title='bbox 370 1036 490 1100; x_wconf 88' lang='lat' dir='ltr'><strong>Per</strong></span> <span class='ocrx_word' id='word_1_29' title='bbox 516 1045 575 1096; x_wconf 90' lang='lat' dir='ltr'><strong>te</strong></span> <span class='ocrx_word' id='word_1_30' title='bbox 599 1036 836 1096; x_wconf 85' lang='lat' dir='ltr'><strong>sciamus</strong></span> <span class='ocrx_word' id='word_1_31' title='bbox 860 1036 938 1095; x_wconf 88' lang='lat' dir='ltr'><strong>da</strong></span> <span class='ocrx_word' id='word_1_32' title='bbox 964 1037 1217 1110; x_wconf 87' lang='lat' dir='ltr'><strong>Patrem,</strong></span> 
     </span>
    </p>

    <p class='ocr_par' dir='ltr' id='par_1_8' title="bbox 447 1116 1210 1193">
     <span class='ocr_line' id='line_1_11' title="bbox 447 1116 1210 1193; baseline 0.001 -19"><span class='ocrx_word' id='word_1_33' title='bbox 447 1133 743 1174; x_wconf 86' lang='lat' dir='ltr'><strong>noscamus</strong></span> <span class='ocrx_word' id='word_1_34' title='bbox 768 1125 939 1193; x_wconf 84' lang='lat' dir='ltr'><strong>atque</strong></span> <span class='ocrx_word' id='word_1_35' title='bbox 965 1116 1172 1175; x_wconf 87' lang='lat' dir='ltr'><strong>Filium</strong></span> <span class='ocrx_word' id='word_1_36' title='bbox 1192 1137 1210 1189; x_wconf 80' lang='lat'>3</span> 
     </span>
    </p>

    <p class='ocr_par' dir='ltr' id='par_1_9' title="bbox 449 1193 1137 1286">
     <span class='ocr_line' id='line_1_12' title="bbox 449 1193 1137 1286; baseline 0 -32"><span class='ocrx_word' id='word_1_37' title='bbox 449 1201 512 1254; x_wconf 86' lang='lat' dir='ltr'><strong>te</strong></span> <span class='ocrx_word' id='word_1_38' title='bbox 538 1193 831 1271; x_wconf 87' lang='lat' dir='ltr'><strong>utriusque</strong></span> <span class='ocrx_word' id='word_1_39' title='bbox 857 1194 1137 1286; x_wconf 88' lang='lat' dir='ltr'><strong>Spiritum</strong></span> 
     </span>
    </p>

    <p class='ocr_par' dir='ltr' id='par_1_10' title="bbox 451 1272 1235 1365">
     <span class='ocr_line' id='line_1_13' title="bbox 451 1272 1235 1365; baseline 0.001 -34"><span class='ocrx_word' id='word_1_40' title='bbox 451 1272 748 1332; x_wconf 88' lang='lat' dir='ltr'><strong>credamus</strong></span> <span class='ocrx_word' id='word_1_41' title='bbox 774 1291 931 1330; x_wconf 78' lang='lat' dir='ltr'><strong>omni</strong></span> <span class='ocrx_word' id='word_1_42' title='bbox 956 1280 1235 1365; x_wconf 85' lang='lat' dir='ltr'><strong>tempore.</strong></span> 
     </span>
    </p>

    <p class='ocr_par' dir='ltr' id='par_1_11' title="bbox 375 1349 1152 1427">
     <span class='ocr_line' id='line_1_14' title="bbox 375 1349 1152 1427; baseline -0.004 -15"><span class='ocrx_word' id='word_1_43' title='bbox 375 1350 467 1413; x_wconf 83' lang='lat' dir='ltr'><strong>Sit</strong></span> <span class='ocrx_word' id='word_1_44' title='bbox 493 1349 613 1410; x_wconf 90' lang='lat' dir='ltr'><strong>laus</strong></span> <span class='ocrx_word' id='word_1_45' title='bbox 639 1350 804 1410; x_wconf 87' lang='lat' dir='ltr'><strong>Patri</strong></span> <span class='ocrx_word' id='word_1_46' title='bbox 828 1370 960 1410; x_wconf 91' lang='lat' dir='ltr'><strong>cum</strong></span> <span class='ocrx_word' id='word_1_47' title='bbox 986 1351 1152 1427; x_wconf 81' lang='lat' dir='ltr'><strong>Fiho,</strong></span> 
     </span>
    </p>

    <p class='ocr_par' dir='ltr' id='par_1_12' title="bbox 457 1428 1211 1505">
     <span class='ocr_line' id='line_1_15' title="bbox 457 1428 1211 1505; baseline 0 -15"><span class='ocrx_word' id='word_1_48' title='bbox 457 1429 669 1490; x_wconf 88' lang='lat' dir='ltr'><strong>Sancto</strong></span> <span class='ocrx_word' id='word_1_49' title='bbox 695 1428 862 1487; x_wconf 86' lang='lat' dir='ltr'><strong>simul</strong></span> <span class='ocrx_word' id='word_1_50' title='bbox 888 1429 1211 1505; x_wconf 76' lang='lat' dir='ltr'><strong>Paraclit03</strong></span> 
     </span>
    </p>

    <p class='ocr_par' dir='ltr' id='par_1_13' title="bbox 454 1507 1150 1586">
     <span class='ocr_line' id='line_1_16' title="bbox 454 1507 1150 1586; baseline 0.006 -20"><span class='ocrx_word' id='word_1_51' title='bbox 454 1507 726 1586; x_wconf 86' lang='lat' dir='ltr'><strong>nobisque</strong></span> <span class='ocrx_word' id='word_1_52' title='bbox 754 1507 946 1567; x_wconf 82' lang='lat' dir='ltr'><strong>mittat</strong></span> <span class='ocrx_word' id='word_1_53' title='bbox 972 1509 1150 1570; x_wconf 84' lang='lat' dir='ltr'><strong>Filius</strong></span> 
     </span>
    </p>

    <p class='ocr_par' dir='ltr' id='par_1_14' title="bbox 374 1584 1578 1883">
     <span class='ocr_line' id='line_1_17' title="bbox 455 1584 1504 1665; baseline -0.004 -19"><span class='ocrx_word' id='word_1_54' title='bbox 455 1586 698 1646; x_wconf 86' lang='lat' dir='ltr'><strong>carisma</strong></span> <span class='ocrx_word' id='word_1_55' title='bbox 723 1584 914 1645; x_wconf 78' lang='lat' dir='ltr'><strong>Sancti</strong></span> <span class='ocrx_word' id='word_1_56' title='bbox 942 1585 1206 1665; x_wconf 86' lang='lat' dir='ltr'><strong>Spiritus.</strong></span> <span class='ocrx_word' id='word_1_57' title='bbox 1290 1586 1504 1645; x_wconf 85' lang='lat' dir='ltr'><strong>Amen.</strong></span> 
     </span>
     <span class='ocr_line' id='line_1_18' title="bbox 386 1662 1578 1745; baseline -0.002 -20"><span class='ocrx_word' id='word_1_58' title='bbox 386 1664 451 1725; x_wconf 83' lang='lat' dir='ltr'><strong>V.</strong></span> <span class='ocrx_word' id='word_1_59' title='bbox 532 1663 752 1725; x_wconf 81' lang='lat' dir='ltr'><strong>Emitte</strong></span> <span class='ocrx_word' id='word_1_60' title='bbox 799 1662 1077 1745; x_wconf 90' lang='lat' dir='ltr'><strong>Spiritum</strong></span> <span class='ocrx_word' id='word_1_61' title='bbox 1114 1676 1277 1726; x_wconf 88' lang='lat' dir='ltr'><strong>tuum</strong></span> <span class='ocrx_word' id='word_1_62' title='bbox 1321 1673 1383 1724; x_wconf 88' lang='lat' dir='ltr'><strong>et</strong></span> <span class='ocrx_word' id='word_1_63' title='bbox 1423 1682 1578 1724; x_wconf 76' lang='lat' dir='ltr'><strong>crea-</strong></span> 
     </span>
     <span class='ocr_line' id='line_1_19' title="bbox 374 1746 620 1814; baseline -0.016 -10"><span class='ocrx_word' id='word_1_64' title='bbox 374 1746 620 1814; x_wconf 81' lang='lat' dir='ltr'><strong>buntur3</strong></span> 
     </span>
     <span class='ocr_line' id='line_1_20' title="bbox 378 1819 1381 1883; baseline -0.002 -2"><span class='ocrx_word' id='word_1_65' title='bbox 378 1822 452 1881; x_wconf 80' lang='lat' dir='ltr'><strong>R.</strong></span> <span class='ocrx_word' id='word_1_66' title='bbox 533 1821 613 1880; x_wconf 91' lang='lat' dir='ltr'><strong>Et</strong></span> <span class='ocrx_word' id='word_1_67' title='bbox 639 1821 934 1881; x_wconf 81' lang='lat' dir='ltr'><strong>renovabis</strong></span> <span class='ocrx_word' id='word_1_68' title='bbox 959 1819 1159 1882; x_wconf 87' lang='lat' dir='ltr'><strong>faciem</strong></span> <span class='ocrx_word' id='word_1_69' title='bbox 1186 1830 1381 1883; x_wconf 75' lang='lat' dir='ltr'><strong>terrae.</strong></span> 
     </span>
    </p>

    <p class='ocr_par' dir='ltr' id='par_1_15' title="bbox 460 1899 682 1959">
     <span class='ocr_line' id='line_1_21' title="bbox 460 1899 682 1959; baseline -0.014 0"><span class='ocrx_word' id='word_1_70' title='bbox 460 1899 682 1959; x_wconf 90' lang='lat' dir='ltr'><strong>Oratio.</strong></span> 
     </span>
    </p>

    <p class='ocr_par' dir='ltr' id='par_1_16' title="bbox 380 1976 1586 2601">
     <span class='ocr_line' id='line_1_22' title="bbox 461 1976 1583 2058; baseline -0.001 -21"><span class='ocrx_word' id='word_1_71' title='bbox 461 1978 637 2051; x_wconf 78' lang='lat' dir='ltr'><strong>DeuS,</strong></span> <span class='ocrx_word' id='word_1_72' title='bbox 665 1977 755 2037; x_wconf 92' lang='lat' dir='ltr'><strong>cui</strong></span> <span class='ocrx_word' id='word_1_73' title='bbox 792 1998 961 2039; x_wconf 88' lang='lat' dir='ltr'><strong>omne</strong></span> <span class='ocrx_word' id='word_1_74' title='bbox 988 1999 1084 2038; x_wconf 89' lang='lat' dir='ltr'><strong>cor</strong></span> <span class='ocrx_word' id='word_1_75' title='bbox 1123 1988 1284 2058; x_wconf 85' lang='lat' dir='ltr'><strong>patet</strong></span> <span class='ocrx_word' id='word_1_76' title='bbox 1311 1985 1371 2038; x_wconf 87' lang='lat' dir='ltr'><strong>et</strong></span> <span class='ocrx_word' id='word_1_77' title='bbox 1397 1976 1583 2037; x_wconf 89' lang='lat' dir='ltr'><strong>omnis</strong></span> 
     </span>
     <span class='ocr_line' id='line_1_23' title="bbox 382 2055 1582 2137; baseline -0.003 -22"><span class='ocrx_word' id='word_1_78' title='bbox 382 2057 642 2115; x_wconf 83' lang='lat' dir='ltr'><strong>voluntas</strong></span> <span class='ocrx_word' id='word_1_79' title='bbox 694 2056 961 2134; x_wconf 89' lang='lat' dir='ltr'><strong>loquitur,</strong></span> <span class='ocrx_word' id='word_1_80' title='bbox 1016 2066 1077 2118; x_wconf 86' lang='lat' dir='ltr'><strong>et</strong></span> <span class='ocrx_word' id='word_1_81' title='bbox 1138 2078 1308 2137; x_wconf 88' lang='lat' dir='ltr'><strong>quem</strong></span> <span class='ocrx_word' id='word_1_82' title='bbox 1363 2055 1582 2114; x_wconf 92' lang='lat' dir='ltr'><strong>nullum</strong></span> 
     </span>
     <span class='ocr_line' id='line_1_24' title="bbox 380 2135 1583 2213; baseline 0 -20"><span class='ocrx_word' id='word_1_83' title='bbox 380 2135 522 2194; x_wconf 89' lang='lat' dir='ltr'><strong>latet</strong></span> <span class='ocrx_word' id='word_1_84' title='bbox 541 2143 841 2205; x_wconf 89' lang='lat' dir='ltr'><strong>secretum,</strong></span> <span class='ocrx_word' id='word_1_85' title='bbox 864 2135 1102 2213; x_wconf 85' lang='lat' dir='ltr'><strong>purifica</strong></span> <span class='ocrx_word' id='word_1_86' title='bbox 1121 2157 1224 2213; x_wconf 90' lang='lat' dir='ltr'><strong>per</strong></span> <span class='ocrx_word' id='word_1_87' title='bbox 1243 2135 1583 2193; x_wconf 84' lang='lat' dir='ltr'><strong>infusionem</strong></span> 
     </span>
     <span class='ocr_line' id='line_1_25' title="bbox 383 2213 1586 2291; baseline -0.003 -17"><span class='ocrx_word' id='word_1_88' title='bbox 383 2213 578 2274; x_wconf 82' lang='lat' dir='ltr'><strong>Sancti</strong></span> <span class='ocrx_word' id='word_1_89' title='bbox 646 2213 895 2291; x_wconf 78' lang='lat' dir='ltr'><strong>Spiritus</strong></span> <span class='ocrx_word' id='word_1_90' title='bbox 962 2215 1332 2291; x_wconf 84' lang='lat' dir='ltr'><strong>cogitationes</strong></span> <span class='ocrx_word' id='word_1_91' title='bbox 1398 2213 1586 2271; x_wconf 90' lang='lat' dir='ltr'><strong>cordis</strong></span> 
     </span>
     <span class='ocr_line' id='line_1_26' title="bbox 386 2288 1586 2369; baseline 0.002 -21"><span class='ocrx_word' id='word_1_92' title='bbox 386 2290 586 2362; x_wconf 86' lang='lat' dir='ltr'><strong>nostri,</strong></span> <span class='ocrx_word' id='word_1_93' title='bbox 631 2302 696 2348; x_wconf 86' lang='lat' dir='ltr'><strong>ut</strong></span> <span class='ocrx_word' id='word_1_94' title='bbox 741 2302 770 2332; x_wconf 74' lang='lat'>⁸</span> <span class='ocrx_word' id='word_1_95' title='bbox 787 2301 844 2349; x_wconf 88' lang='lat' dir='ltr'><strong>te</strong></span> <span class='ocrx_word' id='word_1_96' title='bbox 891 2288 1140 2368; x_wconf 84' lang='lat' dir='ltr'><strong>perfecte</strong></span> <span class='ocrx_word' id='word_1_97' title='bbox 1159 2304 1190 2334; x_wconf 81' lang='lat'>⁸</span> <span class='ocrx_word' id='word_1_98' title='bbox 1239 2290 1477 2369; x_wconf 87' lang='lat' dir='ltr'><strong>diligere</strong></span> <span class='ocrx_word' id='word_1_99' title='bbox 1525 2299 1586 2350; x_wconf 89' lang='lat' dir='ltr'><strong>et</strong></span> 
     </span>
     <span class='ocr_line' id='line_1_27' title="bbox 383 2366 1585 2447; baseline 0 -20"><span class='ocrx_word' id='word_1_100' title='bbox 383 2370 557 2447; x_wconf 80' lang='lat' dir='ltr'><strong>digne</strong></span> <span class='ocrx_word' id='word_1_101' title='bbox 603 2366 835 2426; x_wconf 86' lang='lat' dir='ltr'><strong>laudare</strong></span> <span class='ocrx_word' id='word_1_102' title='bbox 880 2388 1221 2428; x_wconf 88' lang='lat' dir='ltr'><strong>mereamur.</strong></span> <span class='ocrx_word' id='word_1_103' title='bbox 1304 2369 1421 2428; x_wconf 87' lang='lat' dir='ltr'><strong>Per</strong></span> <span class='ocrx_word' id='word_1_104' title='bbox 1466 2368 1585 2427; x_wconf 91' lang='lat' dir='ltr'><strong>Do-</strong></span> 
     </span>
     <span class='ocr_line' id='line_1_28' title="bbox 383 2445 1584 2512; baseline 0 -7"><span class='ocrx_word' id='word_1_105' title='bbox 383 2448 602 2505; x_wconf 87' lang='lat' dir='ltr'><strong>minum</strong></span> <span class='ocrx_word' id='word_1_106' title='bbox 631 2455 890 2504; x_wconf 90' lang='lat' dir='ltr'><strong>nostrum</strong></span> <span class='ocrx_word' id='word_1_107' title='bbox 917 2445 961 2505; x_wconf 86' lang='lat' dir='ltr'><strong>J</strong></span> <span class='ocrx_word' id='word_1_108' title='bbox 962 2467 1119 2506; x_wconf 89' lang='lat' dir='ltr'><strong>esum</strong></span> <span class='ocrx_word' id='word_1_109' title='bbox 1139 2447 1455 2512; x_wconf 85' lang='lat' dir='ltr'><strong>Christum.</strong></span> <span class='ocrx_word' id='word_1_110' title='bbox 1509 2446 1584 2505; x_wconf 91' lang='lat' dir='ltr'><strong>In</strong></span> 
     </span>
     <span class='ocr_line' id='line_1_29' title="bbox 382 2524 901 2601; baseline -0.006 -17"><span class='ocrx_word' id='word_1_111' title='bbox 382 2526 604 2584; x_wconf 86' lang='lat' dir='ltr'><strong>unitate</strong></span> <span class='ocrx_word' id='word_1_112' title='bbox 630 2524 901 2601; x_wconf 83' lang='lat' dir='ltr'><strong>ejusdem.</strong></span> 
     </span>
    </p>

    <p class='ocr_par' dir='ltr' id='par_1_17' title="bbox 381 2602 1585 2995">
     <span class='ocr_line' id='line_1_30' title="bbox 471 2602 1585 2681; baseline 0 -21"><span class='ocrx_word' id='word_1_113' title='bbox 471 2602 696 2660; x_wconf 86' lang='lat' dir='ltr'><strong>Deinde</strong></span> <span class='ocrx_word' id='word_1_114' title='bbox 749 2610 1015 2679; x_wconf 77' lang='lat' dir='ltr'><strong>sequatur</strong></span> <span class='ocrx_word' id='word_1_115' title='bbox 1065 2603 1423 2681; x_wconf 72' lang='lat' dir='ltr'><strong>Antiphona,</strong></span> <span class='ocrx_word' id='word_1_116' title='bbox 1481 2602 1585 2661; x_wconf 91' lang='lat' dir='ltr'><strong>In-</strong></span> 
     </span>
     <span class='ocr_line' id='line_1_31' title="bbox 381 2679 1583 2753; baseline -0.001 -12"><span class='ocrx_word' id='word_1_117' title='bbox 381 2682 573 2741; x_wconf 89' lang='lat' dir='ltr'><strong>troibo</strong></span> <span class='ocrx_word' id='word_1_118' title='bbox 597 2682 671 2739; x_wconf 89' lang='lat' dir='ltr'><strong>ad</strong></span> <span class='ocrx_word' id='word_1_119' title='bbox 698 2679 880 2740; x_wconf 83' lang='lat' dir='ltr'><strong>altare</strong></span> <span class='ocrx_word' id='word_1_120' title='bbox 907 2682 1035 2741; x_wconf 89' lang='lat' dir='ltr'><strong>Dei.</strong></span> <span class='ocrx_word' id='word_1_121' title='bbox 1116 2683 1216 2741; x_wconf 85' lang='lat' dir='ltr'><strong>Ps.</strong></span> <span class='ocrx_word' id='word_1_122' title='bbox 1240 2683 1281 2741; x_wconf 93' lang='lat' dir='ltr'><strong>J</strong></span> <span class='ocrx_word' id='word_1_123' title='bbox 1284 2683 1445 2742; x_wconf 86' lang='lat' dir='ltr'><strong>udica</strong></span> <span class='ocrx_word' id='word_1_124' title='bbox 1470 2702 1583 2753; x_wconf 88' lang='lat' dir='ltr'><strong>me,</strong></span> 
     </span>
     <span class='ocr_line' id='line_1_32' title="bbox 384 2759 1585 2831; baseline -0.001 -13"><span class='ocrx_word' id='word_1_125' title='bbox 384 2762 555 2831; x_wconf 86' lang='lat' dir='ltr'><strong>Deus,</strong></span> <span class='ocrx_word' id='word_1_126' title='bbox 602 2768 663 2820; x_wconf 89' lang='lat' dir='ltr'><strong>et</strong></span> <span class='ocrx_word' id='word_1_127' title='bbox 706 2761 979 2820; x_wconf 78' lang='lat' dir='ltr'><strong>discerne.</strong></span> <span class='ocrx_word' id='word_1_128' title='bbox 1089 2761 1267 2820; x_wconf 83' lang='lat' dir='ltr'><strong>Totus</strong></span> <span class='ocrx_word' id='word_1_129' title='bbox 1314 2759 1585 2817; x_wconf 78' lang='lat' dir='ltr'><strong>Psalmus</strong></span> 
     </span>
     <span class='ocr_line' id='line_1_33' title="bbox 382 2837 1585 2900; baseline 0 -3"><span class='ocrx_word' id='word_1_130' title='bbox 382 2839 599 2897; x_wconf 82' lang='lat' dir='ltr'><strong>dicitur</strong></span> <span class='ocrx_word' id='word_1_131' title='bbox 649 2859 779 2897; x_wconf 86' lang='lat' dir='ltr'><strong>cum</strong></span> <span class='ocrx_word' id='word_1_132' title='bbox 829 2837 1027 2898; x_wconf 80' lang='lat' dir='ltr'><strong>Gloria</strong></span> <span class='ocrx_word' id='word_1_133' title='bbox 1079 2840 1260 2900; x_wconf 87' lang='lat' dir='ltr'><strong>Patri.</strong></span> <span class='ocrx_word' id='word_1_134' title='bbox 1359 2838 1585 2897; x_wconf 83' lang='lat' dir='ltr'><strong>Deinde</strong></span> 
     </span>
     <span class='ocr_line' id='line_1_34' title="bbox 382 2917 987 2995; baseline -0.002 -19"><span class='ocrx_word' id='word_1_135' title='bbox 382 2918 601 2976; x_wconf 81' lang='lat' dir='ltr'><strong>dicitur</strong></span> <span class='ocrx_word' id='word_1_136' title='bbox 625 2917 987 2995; x_wconf 77' lang='lat' dir='ltr'><strong>Antiphona,</strong></span> 
     </span>
    </p>
   </div>
   <div class='ocr_carea' id='block_1_3' title="bbox 464 2994 1582 3067">
    <p class='ocr_par' dir='ltr' id='par_1_18' title="bbox 464 2994 1582 3067">
     <span class='ocr_line' id='line_1_35' title="bbox 464 2994 1582 3067; baseline -0.001 -14"><span class='ocrx_word' id='word_1_137' title='bbox 464 2995 729 3054; x_wconf 90' lang='lat' dir='ltr'><strong>Introibo</strong></span> <span class='ocrx_word' id='word_1_138' title='bbox 767 2996 841 3053; x_wconf 87' lang='lat' dir='ltr'><strong>ad</strong></span> <span class='ocrx_word' id='word_1_139' title='bbox 882 2996 1063 3056; x_wconf 84' lang='lat' dir='ltr'><strong>altare</strong></span> <span class='ocrx_word' id='word_1_140' title='bbox 1108 2995 1239 3067; x_wconf 90' lang='lat' dir='ltr'><strong>Dei,</strong></span> <span class='ocrx_word' id='word_1_141' title='bbox 1279 2995 1352 3054; x_wconf 87' lang='lat' dir='ltr'><strong>ad</strong></span> <span class='ocrx_word' id='word_1_142' title='bbox 1392 2994 1582 3054; x_wconf 89' lang='lat' dir='ltr'><strong>Deum</strong></span> 
     </span>
    </p>
   </div>
   <div class='ocr_carea' id='block_1_4' title="bbox 382 3073 1591 4246">
    <p class='ocr_par' dir='ltr' id='par_1_19' title="bbox 382 3073 1377 3153">
     <span class='ocr_line' id='line_1_36' title="bbox 382 3073 1377 3153; baseline 0.001 -22"><span class='ocrx_word' id='word_1_143' title='bbox 382 3074 481 3153; x_wconf 88' lang='lat' dir='ltr'><strong>qui</strong></span> <span class='ocrx_word' id='word_1_144' title='bbox 508 3073 766 3134; x_wconf 77' lang='lat' dir='ltr'><strong>laetificat</strong></span> <span class='ocrx_word' id='word_1_145' title='bbox 780 3075 1144 3152; x_wconf 81' lang='lat' dir='ltr'><strong>juventutem</strong></span> <span class='ocrx_word' id='word_1_146' title='bbox 1174 3095 1377 3133; x_wconf 87' lang='lat' dir='ltr'><strong>meam.</strong></span> 
     </span>
    </p>

    <p class='ocr_par' dir='ltr' id='par_1_20' title="bbox 385 3152 1581 3307">
     <span class='ocr_line' id='line_1_37' title="bbox 463 3152 1581 3231; baseline -0.002 -20"><span class='ocrx_word' id='word_1_147' title='bbox 463 3152 647 3229; x_wconf 87' lang='lat' dir='ltr'><strong>Kyrie</strong></span> <span class='ocrx_word' id='word_1_148' title='bbox 700 3152 948 3230; x_wconf 86' lang='lat' dir='ltr'><strong>eleyson.</strong></span> <span class='ocrx_word' id='word_1_149' title='bbox 1053 3154 1282 3215; x_wconf 86' lang='lat' dir='ltr'><strong>Christe</strong></span> <span class='ocrx_word' id='word_1_150' title='bbox 1333 3152 1581 3231; x_wconf 84' lang='lat' dir='ltr'><strong>eleyson.</strong></span> 
     </span>
     <span class='ocr_line' id='line_1_38' title="bbox 385 3230 843 3307; baseline 0.002 -18"><span class='ocrx_word' id='word_1_151' title='bbox 385 3230 571 3307; x_wconf 88' lang='lat' dir='ltr'><strong>Kyrie</strong></span> <span class='ocrx_word' id='word_1_152' title='bbox 599 3231 843 3307; x_wconf 86' lang='lat' dir='ltr'><strong>eleyson.</strong></span> 
     </span>
    </p>

    <p class='ocr_par' dir='ltr' id='par_1_21' title="bbox 463 3309 881 3369">
     <span class='ocr_line' id='line_1_39' title="bbox 463 3309 881 3369; baseline 0.002 -1"><span class='ocrx_word' id='word_1_153' title='bbox 463 3309 640 3368; x_wconf 88' lang='lat' dir='ltr'><strong>Pater</strong></span> <span class='ocrx_word' id='word_1_154' title='bbox 670 3318 881 3369; x_wconf 88' lang='lat' dir='ltr'><strong>noster.</strong></span> 
     </span>
    </p>

    <p class='ocr_par' dir='ltr' id='par_1_22' title="bbox 465 3386 830 3446">
     <span class='ocr_line' id='line_1_40' title="bbox 465 3386 830 3446; baseline -0.003 0"><span class='ocrx_word' id='word_1_155' title='bbox 465 3387 597 3446; x_wconf 88' lang='lat' dir='ltr'><strong>Ave</strong></span> <span class='ocrx_word' id='word_1_156' title='bbox 624 3386 830 3445; x_wconf 84' lang='lat' dir='ltr'><strong>Maria.</strong></span> 
     </span>
    </p>

    <p class='ocr_par' dir='ltr' id='par_1_23' title="bbox 385 3463 1590 3852">
     <span class='ocr_line' id='line_1_41' title="bbox 468 3463 1588 3542; baseline 0.002 -20"><span class='ocrx_word' id='word_1_157' title='bbox 468 3463 588 3522; x_wconf 88' lang='lat' dir='ltr'><strong>His</strong></span> <span class='ocrx_word' id='word_1_158' title='bbox 601 3465 817 3542; x_wconf 81' lang='lat' dir='ltr'><strong>finitis,</strong></span> <span class='ocrx_word' id='word_1_159' title='bbox 846 3472 896 3523; x_wconf 88' lang='lat' dir='ltr'><strong>et</strong></span> <span class='ocrx_word' id='word_1_160' title='bbox 929 3464 1125 3540; x_wconf 87' lang='lat' dir='ltr'><strong>Officio</strong></span> <span class='ocrx_word' id='word_1_161' title='bbox 1152 3463 1356 3522; x_wconf 85' lang='lat' dir='ltr'><strong>Missae</strong></span> <span class='ocrx_word' id='word_1_162' title='bbox 1395 3465 1588 3524; x_wconf 76' lang='lat' dir='ltr'><strong>incho-</strong></span> 
     </span>
     <span class='ocr_line' id='line_1_42' title="bbox 388 3541 1586 3619; baseline -0.002 -17"><span class='ocrx_word' id='word_1_163' title='bbox 388 3550 499 3614; x_wconf 89' lang='lat' dir='ltr'><strong>ato,</strong></span> <span class='ocrx_word' id='word_1_164' title='bbox 542 3564 667 3601; x_wconf 82' lang='lat' dir='ltr'><strong>cum</strong></span> <span class='ocrx_word' id='word_1_165' title='bbox 704 3551 835 3619; x_wconf 87' lang='lat' dir='ltr'><strong>post</strong></span> <span class='ocrx_word' id='word_1_166' title='bbox 877 3542 1141 3617; x_wconf 80' lang='lat' dir='ltr'><strong>Officium</strong></span> <span class='ocrx_word' id='word_1_167' title='bbox 1184 3541 1383 3601; x_wconf 83' lang='lat' dir='ltr'><strong>Gloria</strong></span> <span class='ocrx_word' id='word_1_168' title='bbox 1423 3545 1586 3603; x_wconf 88' lang='lat' dir='ltr'><strong>Patri</strong></span> 
     </span>
     <span class='ocr_line' id='line_1_43' title="bbox 385 3619 1589 3698; baseline -0.001 -18"><span class='ocrx_word' id='word_1_169' title='bbox 385 3621 684 3698; x_wconf 76' lang='lat' dir='ltr'><strong>incipitur,</strong></span> <span class='ocrx_word' id='word_1_170' title='bbox 732 3620 957 3677; x_wconf 80' lang='lat' dir='ltr'><strong>accedat</strong></span> <span class='ocrx_word' id='word_1_171' title='bbox 993 3619 1244 3676; x_wconf 75' lang='lat' dir='ltr'><strong>sacerdos</strong></span> <span class='ocrx_word' id='word_1_172' title='bbox 1297 3641 1424 3678; x_wconf 83' lang='lat' dir='ltr'><strong>cum</strong></span> <span class='ocrx_word' id='word_1_173' title='bbox 1468 3623 1589 3679; x_wconf 85' lang='lat' dir='ltr'><strong>suis</strong></span> 
     </span>
     <span class='ocr_line' id='line_1_44' title="bbox 386 3697 1590 3772; baseline 0.001 -15"><span class='ocrx_word' id='word_1_174' title='bbox 386 3699 668 3758; x_wconf 76' lang='lat' dir='ltr'><strong>ministris</strong></span> <span class='ocrx_word' id='word_1_175' title='bbox 695 3698 774 3755; x_wconf 91' lang='lat' dir='ltr'><strong>ad</strong></span> <span class='ocrx_word' id='word_1_176' title='bbox 811 3697 1056 3772; x_wconf 58' lang='lat' dir='ltr'><strong>,qo-adum</strong></span> <span class='ocrx_word' id='word_1_177' title='bbox 1096 3697 1316 3769; x_wconf 85' lang='lat' dir='ltr'><strong>altaris,</strong></span> <span class='ocrx_word' id='word_1_178' title='bbox 1344 3707 1395 3755; x_wconf 89' lang='lat' dir='ltr'><strong>et</strong></span> <span class='ocrx_word' id='word_1_179' title='bbox 1434 3700 1590 3758; x_wconf 88' lang='lat' dir='ltr'><strong>dicat</strong></span> 
     </span>
     <span class='ocr_line' id='line_1_45' title="bbox 387 3774 1586 3852; baseline 0 -17"><span class='ocrx_word' id='word_1_180' title='bbox 387 3778 416 3835; x_wconf 91' lang='lat' dir='ltr'><strong>i</strong></span> <span class='ocrx_word' id='word_1_181' title='bbox 453 3798 507 3835; x_wconf 89' lang='lat' dir='ltr'><strong>se</strong></span> <span class='ocrx_word' id='word_1_182' title='bbox 533 3776 940 3852; x_wconf 83' lang='lat' dir='ltr'><strong>confessione-m,</strong></span> <span class='ocrx_word' id='word_1_183' title='bbox 967 3774 1204 3832; x_wconf 81' lang='lat' dir='ltr'><strong>diacono</strong></span> <span class='ocrx_word' id='word_1_184' title='bbox 1245 3777 1525 3835; x_wconf 72' lang='lat' dir='ltr'><strong>assistente</strong></span> <span class='ocrx_word' id='word_1_185' title='bbox 1552 3799 1586 3834; x_wconf 88' lang='lat' dir='ltr'><strong>a</strong></span> 
     </span>
    </p>

    <p class='ocr_par' dir='ltr' id='par_1_24' title="bbox 388 3853 1591 4008">
     <span class='ocr_line' id='line_1_46' title="bbox 428 3853 1591 3915; baseline 0.002 -2"><span class='ocrx_word' id='word_1_186' title='bbox 428 3854 597 3914; x_wconf 72' lang='lat' dir='ltr'><strong>extris</strong></span> <span class='ocrx_word' id='word_1_187' title='bbox 617 3862 667 3912; x_wconf 87' lang='lat' dir='ltr'><strong>et</strong></span> <span class='ocrx_word' id='word_1_188' title='bbox 691 3853 1029 3911; x_wconf 83' lang='lat' dir='ltr'><strong>subdiacono</strong></span> <span class='ocrx_word' id='word_1_189' title='bbox 1050 3873 1086 3909; x_wconf 89' lang='lat' dir='ltr'><strong>a</strong></span> <span class='ocrx_word' id='word_1_190' title='bbox 1105 3854 1377 3914; x_wconf 81' lang='lat' dir='ltr'><strong>sinistris.</strong></span> <span class='ocrx_word' id='word_1_191' title='bbox 1460 3854 1591 3915; x_wconf 90' lang='lat' dir='ltr'><strong>Hoc</strong></span> 
     </span>
     <span class='ocr_line' id='line_1_47' title="bbox 388 3930 921 4008; baseline -0.013 -14"><span class='ocrx_word' id='word_1_192' title='bbox 388 3934 552 3993; x_wconf 85' lang='lat' dir='ltr'><strong>modo</strong></span> <span class='ocrx_word' id='word_1_193' title='bbox 577 3930 921 4008; x_wconf 86' lang='lat' dir='ltr'><strong>incipiendo,</strong></span> 
     </span>
    </p>

    <p class='ocr_par' dir='ltr' id='par_1_25' title="bbox 393 4009 1588 4152">
     <span class='ocr_line' id='line_1_48' title="bbox 470 4009 1588 4071; baseline -0.001 0"><span class='ocrx_word' id='word_1_194' title='bbox 470 4012 551 4071; x_wconf 90' lang='lat' dir='ltr'><strong>Et</strong></span> <span class='ocrx_word' id='word_1_195' title='bbox 595 4030 666 4069; x_wconf 90' lang='lat' dir='ltr'><strong>ne</strong></span> <span class='ocrx_word' id='word_1_196' title='bbox 699 4028 802 4067; x_wconf 93' lang='lat' dir='ltr'><strong>nos</strong></span> <span class='ocrx_word' id='word_1_197' title='bbox 837 4009 1069 4068; x_wconf 85' lang='lat' dir='ltr'><strong>inducas</strong></span> <span class='ocrx_word' id='word_1_198' title='bbox 1102 4010 1159 4067; x_wconf 92' lang='lat' dir='ltr'><strong>in</strong></span> <span class='ocrx_word' id='word_1_199' title='bbox 1193 4012 1588 4071; x_wconf 86' lang='lat' dir='ltr'><strong>tentationem.</strong></span> 
     </span>
     <span class='ocr_line' id='line_1_49' title="bbox 393 4088 1101 4152; baseline -0.008 0"><span class='ocrx_word' id='word_1_200' title='bbox 393 4089 507 4152; x_wconf 87' lang='lat' dir='ltr'><strong>Sed</strong></span> <span class='ocrx_word' id='word_1_201' title='bbox 537 4088 720 4147; x_wconf 86' lang='lat' dir='ltr'><strong>libera</strong></span> <span class='ocrx_word' id='word_1_202' title='bbox 744 4107 847 4146; x_wconf 88' lang='lat' dir='ltr'><strong>nos</strong></span> <span class='ocrx_word' id='word_1_203' title='bbox 874 4108 909 4145; x_wconf 89' lang='lat' dir='ltr'><strong>a</strong></span> <span class='ocrx_word' id='word_1_204' title='bbox 934 4088 1101 4147; x_wconf 87' lang='lat' dir='ltr'><strong>malo.</strong></span> 
     </span>
    </p>

    <p class='ocr_par' dir='ltr' id='par_1_26' title="bbox 443 4165 1589 4246">
     <span class='ocr_line' id='line_1_50' title="bbox 443 4165 1589 4246; baseline -0.001 -17"><span class='ocrx_word' id='word_1_205' title='bbox 443 4165 818 4229; x_wconf 86' lang='lat' dir='ltr'><strong>Confitemini</strong></span> <span class='ocrx_word' id='word_1_206' title='bbox 835 4166 1085 4227; x_wconf 91' lang='lat' dir='ltr'><strong>Domino</strong></span> <span class='ocrx_word' id='word_1_207' title='bbox 1100 4167 1366 4246; x_wconf 88' lang='lat' dir='ltr'><strong>quoniam</strong></span> <span class='ocrx_word' id='word_1_208' title='bbox 1384 4168 1589 4228; x_wconf 87' lang='lat' dir='ltr'><strong>bonus:</strong></span> 
     </span>
    </p>
   </div>
   <div class='ocr_carea' id='block_1_5' title="bbox 373 4338 1270 4535">
    <p class='ocr_par' dir='ltr' id='par_1_27' title="bbox 373 4338 1270 4535">
     <span class='ocr_line' id='line_1_51' title="bbox 392 4338 1270 4467; baseline 0.003 -75"><span class='ocrx_word' id='word_1_209' title='bbox 392 4345 422 4445; x_wconf 54' lang='grc' dir='ltr'>ἶ</span> <span class='ocrx_word' id='word_1_210' title='bbox 452 4338 1045 4467; x_wconf 49' lang='lat' dir='ltr'><strong>peffefitebeoe&#39;t—oiizi&#39;i‘</strong></span> <span class='ocrx_word' id='word_1_211' title='bbox 1074 4340 1158 4396; x_wconf 72' lang='grc'><strong>97.</strong></span> <span class='ocrx_word' id='word_1_212' title='bbox 1186 4340 1270 4395; x_wconf 86' lang='lat'><strong>98.</strong></span> 
     </span>
     <span class='ocr_line' id='line_1_52' title="bbox 373 4425 1022 4535; baseline 0.015 -9"><span class='ocrx_word' id='word_1_213' title='bbox 373 4487 422 4526; x_wconf 66' lang='grc' dir='ltr'><strong>,ο</strong></span> <span class='ocrx_word' id='word_1_214' title='bbox 460 4425 569 4534; x_wconf 60' lang='lat'><em>23¹1}</em></span> <span class='ocrx_word' id='word_1_215' title='bbox 592 4427 767 4535; x_wconf 51' lang='lat' dir='ltr'><strong>hibe?</strong></span> <span class='ocrx_word' id='word_1_216' title='bbox 778 4452 911 4535; x_wconf 63' lang='lat' dir='ltr'><strong>1356ss</strong></span> <span class='ocrx_word' id='word_1_217' title='bbox 1010 4452 1022 4465; x_wconf 83' lang='lat'><strong><em>&#39;</em></strong></span> 
     </span>
    </p>
   </div>
   <div class='ocr_carea' id='block_1_6' title="bbox 1241 251 2012 303">
    <p class='ocr_par' dir='ltr' id='par_1_28' title="bbox 1241 251 2012 303">
     <span class='ocr_line' id='line_1_53' title="bbox 1241 251 2012 303; baseline -0.005 0"><span class='ocrx_word' id='word_1_218' title='bbox 1241 255 1411 303; x_wconf 85' lang='lat' dir='ltr'><strong>ORDI</strong></span> <span class='ocrx_word' id='word_1_219' title='bbox 1427 251 1710 303; x_wconf 63' lang='lat' dir='ltr'><strong>samm!</strong></span> <span class='ocrx_word' id='word_1_220' title='bbox 1755 252 2012 301; x_wconf 61' lang='lat' dir='ltr'><strong>Missas.</strong></span> 
     </span>
    </p>
   </div>
   <div class='ocr_carea' id='block_1_7' title="bbox 2739 238 2848 303">
    <p class='ocr_par' dir='ltr' id='par_1_29' title="bbox 2739 238 2848 303">
     <span class='ocr_line' id='line_1_54' title="bbox 2739 238 2848 303; baseline 0 -1"><span class='ocrx_word' id='word_1_221' title='bbox 2739 238 2848 303; x_wconf 76' lang='lat'><strong>580</strong></span> 
     </span>
    </p>
   </div>
   <div class='ocr_carea' id='block_1_8' title="bbox 1658 407 2850 567">
    <p class='ocr_par' dir='ltr' id='par_1_30' title="bbox 1658 407 2850 567">
     <span class='ocr_line' id='line_1_55' title="bbox 1658 407 2850 501; baseline -0.001 -33"><span class='ocrx_word' id='word_1_222' title='bbox 1658 408 1924 501; x_wconf 78' lang='lat' dir='ltr'><strong>quoniam</strong></span> <span class='ocrx_word' id='word_1_223' title='bbox 1995 407 2055 466; x_wconf 86' lang='lat' dir='ltr'><strong>in</strong></span> <span class='ocrx_word' id='word_1_224' title='bbox 2120 407 2392 467; x_wconf 82' lang='lat' dir='ltr'><strong>saeculum</strong></span> <span class='ocrx_word' id='word_1_225' title='bbox 2475 409 2850 472; x_wconf 79' lang='lat' dir='ltr'><strong>misericordia</strong></span> 
     </span>
     <span class='ocr_line' id='line_1_56' title="bbox 1664 508 1802 567; baseline -0.014 -20"><span class='ocrx_word' id='word_1_226' title='bbox 1664 508 1802 567; x_wconf 68' lang='lat' dir='ltr'><strong>ejus.</strong></span> 
     </span>
    </p>
   </div>
   <div class='ocr_carea' id='block_1_9' title="bbox 1668 564 2965 4248">
    <p class='ocr_par' dir='ltr' id='par_1_31' title="bbox 1748 564 2049 643">
     <span class='ocr_line' id='line_1_57' title="bbox 1748 564 2049 643; baseline 0.003 -18"><span class='ocrx_word' id='word_1_227' title='bbox 1748 564 2049 643; x_wconf 71' lang='lat' dir='ltr'><strong>Confessio·</strong></span> 
     </span>
    </p>

    <p class='ocr_par' dir='ltr' id='par_1_32' title="bbox 1668 642 2965 1096">
     <span class='ocr_line' id='line_1_58' title="bbox 1745 642 2965 718; baseline -0.005 -12"><span class='ocrx_word' id='word_1_228' title='bbox 1745 644 2041 706; x_wconf 87' lang='lat' dir='ltr'><strong>Confiteor</strong></span> <span class='ocrx_word' id='word_1_229' title='bbox 2068 644 2210 717; x_wconf 88' lang='lat' dir='ltr'><strong>Deo,</strong></span> <span class='ocrx_word' id='word_1_230' title='bbox 2230 644 2415 703; x_wconf 83' lang='lat' dir='ltr'><strong>beatae</strong></span> <span class='ocrx_word' id='word_1_231' title='bbox 2437 642 2669 718; x_wconf 76' lang='lat' dir='ltr'><strong>Mariae,</strong></span> <span class='ocrx_word' id='word_1_232' title='bbox 2692 644 2853 704; x_wconf 89' lang='lat' dir='ltr'><strong>omni·</strong></span> <span class='ocrx_word' id='word_1_233' title='bbox 2964 647 2965 654; x_wconf 76' lang='grc'>’</span> 
     </span>
     <span class='ocr_line' id='line_1_59' title="bbox 1668 722 2854 802; baseline -0.003 -20"><span class='ocrx_word' id='word_1_234' title='bbox 1668 725 1773 783; x_wconf 90' lang='lat' dir='ltr'><strong>bus</strong></span> <span class='ocrx_word' id='word_1_235' title='bbox 1799 722 2024 792; x_wconf 80' lang='lat' dir='ltr'><strong>sanctiS,</strong></span> <span class='ocrx_word' id='word_1_236' title='bbox 2052 731 2113 781; x_wconf 90' lang='lat' dir='ltr'><strong>et</strong></span> <span class='ocrx_word' id='word_1_237' title='bbox 2152 722 2343 794; x_wconf 81' lang='lat' dir='ltr'><strong>vobis3</strong></span> <span class='ocrx_word' id='word_1_238' title='bbox 2386 724 2417 763; x_wconf 72' lang='lat' dir='ltr'><strong>b</strong></span> <span class='ocrx_word' id='word_1_239' title='bbox 2435 724 2570 800; x_wconf 87' lang='lat' dir='ltr'><strong>quia</strong></span> <span class='ocrx_word' id='word_1_240' title='bbox 2589 726 2619 764; x_wconf 76' lang='lat' dir='ltr'>b</span> <span class='ocrx_word' id='word_1_241' title='bbox 2654 722 2854 802; x_wconf 84' lang='lat' dir='ltr'><strong>peccavi</strong></span> 
     </span>
     <span class='ocr_line' id='line_1_60' title="bbox 1669 800 2852 880; baseline 0.001 -21"><span class='ocrx_word' id='word_1_242' title='bbox 1669 801 1843 862; x_wconf 88' lang='lat' dir='ltr'><strong>nimis</strong></span> <span class='ocrx_word' id='word_1_243' title='bbox 1869 801 2230 879; x_wconf 83' lang='lat' dir='ltr'><strong>cogitatione,</strong></span> <span class='ocrx_word' id='word_1_244' title='bbox 2254 800 2559 873; x_wconf 86' lang='lat' dir='ltr'><strong>locutione,</strong></span> <span class='ocrx_word' id='word_1_245' title='bbox 2587 810 2648 862; x_wconf 88' lang='lat' dir='ltr'><strong>et</strong></span> <span class='ocrx_word' id='word_1_246' title='bbox 2668 822 2852 880; x_wconf 86' lang='lat' dir='ltr'><strong>opere:</strong></span> 
     </span>
     <span class='ocr_line' id='line_1_61' title="bbox 1671 877 2855 958; baseline -0.001 -20"><span class='ocrx_word' id='word_1_247' title='bbox 1671 900 1800 939; x_wconf 90' lang='lat' dir='ltr'><strong>mea</strong></span> <span class='ocrx_word' id='word_1_248' title='bbox 1824 877 2026 958; x_wconf 72' lang='lat' dir='ltr'><strong>cisspa:</strong></span> <span class='ocrx_word' id='word_1_249' title='bbox 2074 899 2274 957; x_wconf 88' lang='lat' dir='ltr'><strong>precor</strong></span> <span class='ocrx_word' id='word_1_250' title='bbox 2312 891 2564 938; x_wconf 80' lang='lat' dir='ltr'><strong>sanctam</strong></span> <span class='ocrx_word' id='word_1_251' title='bbox 2607 880 2855 951; x_wconf 87' lang='lat' dir='ltr'><strong>Mariam,</strong></span> 
     </span>
     <span class='ocr_line' id='line_1_62' title="bbox 1670 958 2856 1038; baseline -0.003 -18"><span class='ocrx_word' id='word_1_252' title='bbox 1670 977 1868 1020; x_wconf 86' lang='lat' dir='ltr'><strong>omnes</strong></span> <span class='ocrx_word' id='word_1_253' title='bbox 1904 965 2126 1018; x_wconf 78' lang='lat' dir='ltr'><strong>sanctos</strong></span> <span class='ocrx_word' id='word_1_254' title='bbox 2166 958 2300 1033; x_wconf 88' lang='lat' dir='ltr'><strong>Dei,</strong></span> <span class='ocrx_word' id='word_1_255' title='bbox 2325 967 2386 1020; x_wconf 88' lang='lat' dir='ltr'><strong>et</strong></span> <span class='ocrx_word' id='word_1_256' title='bbox 2423 978 2544 1034; x_wconf 86' lang='lat' dir='ltr'><strong>vos,</strong></span> <span class='ocrx_word' id='word_1_257' title='bbox 2571 978 2735 1020; x_wconf 84' lang='lat' dir='ltr'><strong>orare</strong></span> <span class='ocrx_word' id='word_1_258' title='bbox 2771 977 2856 1038; x_wconf 85' lang='lat' dir='ltr'><strong>pro</strong></span> 
     </span>
     <span class='ocr_line' id='line_1_63' title="bbox 1671 1056 1786 1096; baseline 0.009 -1"><span class='ocrx_word' id='word_1_259' title='bbox 1671 1056 1786 1096; x_wconf 89' lang='lat' dir='ltr'><strong>me.</strong></span> 
     </span>
    </p>

    <p class='ocr_par' dir='ltr' id='par_1_33' title="bbox 1751 1113 2965 1193">
     <span class='ocr_line' id='line_1_64' title="bbox 1751 1113 2965 1193; baseline 0 -20"><span class='ocrx_word' id='word_1_260' title='bbox 1751 1114 1839 1173; x_wconf 86' lang='lat' dir='ltr'><em>M</em></span> <span class='ocrx_word' id='word_1_261' title='bbox 1831 1114 2032 1174; x_wconf 87' lang='lat' dir='ltr'><strong>inistri</strong></span> <span class='ocrx_word' id='word_1_262' title='bbox 2055 1113 2439 1193; x_wconf 72' lang='lat' dir='ltr'><strong>respondeant.</strong></span> <span class='ocrx_word' id='word_1_263' title='bbox 2964 1189 2965 1192; x_wconf 7' lang='grc' dir='ltr'><strong>Ἴ</strong></span> 
     </span>
    </p>

    <p class='ocr_par' dir='ltr' id='par_1_34' title="bbox 1674 1192 2965 1586">
     <span class='ocr_line' id='line_1_65' title="bbox 1752 1192 2965 1272; baseline 0.001 -21"><span class='ocrx_word' id='word_1_264' title='bbox 1752 1193 2098 1253; x_wconf 88' lang='lat' dir='ltr'><strong>Misereatur</strong></span> <span class='ocrx_word' id='word_1_265' title='bbox 2125 1192 2298 1252; x_wconf 86' lang='lat' dir='ltr'><strong>vestri</strong></span> <span class='ocrx_word' id='word_1_266' title='bbox 2325 1194 2689 1272; x_wconf 87' lang='lat' dir='ltr'><strong>omnipotens</strong></span> <span class='ocrx_word' id='word_1_267' title='bbox 2706 1192 2857 1265; x_wconf 88' lang='lat' dir='ltr'><strong>Deus,</strong></span> <span class='ocrx_word' id='word_1_268' title='bbox 2964 1215 2965 1222; x_wconf 53' lang='lat'>¹</span> 
     </span>
     <span class='ocr_line' id='line_1_66' title="bbox 1675 1271 2965 1350; baseline -0.002 -18"><span class='ocrx_word' id='word_1_269' title='bbox 1675 1280 1736 1332; x_wconf 89' lang='lat' dir='ltr'><strong>et</strong></span> <span class='ocrx_word' id='word_1_270' title='bbox 1750 1271 2008 1332; x_wconf 82' lang='lat' dir='ltr'><strong>dimittat</strong></span> <span class='ocrx_word' id='word_1_271' title='bbox 2026 1271 2181 1331; x_wconf 81' lang='lat' dir='ltr'><strong>vobis</strong></span> <span class='ocrx_word' id='word_1_272' title='bbox 2198 1271 2388 1330; x_wconf 88' lang='lat' dir='ltr'><strong>omnia</strong></span> <span class='ocrx_word' id='word_1_273' title='bbox 2405 1280 2641 1350; x_wconf 82' lang='lat' dir='ltr'><strong>peccata</strong></span> <span class='ocrx_word' id='word_1_274' title='bbox 2657 1281 2855 1345; x_wconf 79' lang='lat' dir='ltr'><strong>vestra3</strong></span> <span class='ocrx_word' id='word_1_275' title='bbox 2964 1281 2965 1302; x_wconf 71' lang='lat'>³</span> 
     </span>
     <span class='ocr_line' id='line_1_67' title="bbox 1674 1349 2856 1424; baseline -0.002 -14"><span class='ocrx_word' id='word_1_276' title='bbox 1674 1349 1885 1412; x_wconf 84' lang='lat' dir='ltr'><strong>liberet</strong></span> <span class='ocrx_word' id='word_1_277' title='bbox 1909 1370 2007 1410; x_wconf 81' lang='lat' dir='ltr'><strong>vos</strong></span> <span class='ocrx_word' id='word_1_278' title='bbox 2045 1352 2117 1409; x_wconf 87' lang='lat' dir='ltr'><strong>ab</strong></span> <span class='ocrx_word' id='word_1_279' title='bbox 2146 1349 2302 1408; x_wconf 90' lang='lat' dir='ltr'><strong>omni</strong></span> <span class='ocrx_word' id='word_1_280' title='bbox 2341 1349 2531 1424; x_wconf 89' lang='lat' dir='ltr'><strong>malo;</strong></span> <span class='ocrx_word' id='word_1_281' title='bbox 2586 1358 2856 1411; x_wconf 83' lang='lat' dir='ltr'><strong>conservet</strong></span> 
     </span>
     <span class='ocr_line' id='line_1_68' title="bbox 1677 1428 2965 1504; baseline -0.003 -12"><span class='ocrx_word' id='word_1_282' title='bbox 1677 1437 1738 1492; x_wconf 81' lang='lat' dir='ltr'><strong>et</strong></span> <span class='ocrx_word' id='word_1_283' title='bbox 1784 1428 2092 1490; x_wconf 87' lang='lat' dir='ltr'><strong>confirmet</strong></span> <span class='ocrx_word' id='word_1_284' title='bbox 2132 1428 2194 1486; x_wconf 93' lang='lat' dir='ltr'><strong>in</strong></span> <span class='ocrx_word' id='word_1_285' title='bbox 2237 1431 2424 1504; x_wconf 89' lang='lat' dir='ltr'><strong>bono;</strong></span> <span class='ocrx_word' id='word_1_286' title='bbox 2480 1438 2542 1491; x_wconf 85' lang='lat' dir='ltr'><strong>et</strong></span> <span class='ocrx_word' id='word_1_287' title='bbox 2585 1430 2662 1492; x_wconf 82' lang='lat' dir='ltr'><strong>ad</strong></span> <span class='ocrx_word' id='word_1_288' title='bbox 2706 1430 2857 1489; x_wconf 83' lang='lat' dir='ltr'><strong>vitam</strong></span> <span class='ocrx_word' id='word_1_289' title='bbox 2964 1435 2965 1438; x_wconf 75' lang='grc'>’</span> 
     </span>
     <span class='ocr_line' id='line_1_69' title="bbox 1676 1508 2276 1586; baseline -0.003 -20"><span class='ocrx_word' id='word_1_290' title='bbox 1676 1508 1954 1586; x_wconf 87' lang='lat' dir='ltr'><strong>perducat</strong></span> <span class='ocrx_word' id='word_1_291' title='bbox 1980 1515 2276 1568; x_wconf 81' lang='lat' dir='ltr'><strong>aeternam.</strong></span> 
     </span>
    </p>

    <p class='ocr_par' dir='ltr' id='par_1_35' title="bbox 1763 1585 2965 1662">
     <span class='ocr_line' id='line_1_70' title="bbox 1763 1585 2965 1662; baseline -0.004 -16"><span class='ocrx_word' id='word_1_292' title='bbox 1763 1585 2050 1658; x_wconf 82' lang='lat' dir='ltr'><strong>Sacerdos,</strong></span> <span class='ocrx_word' id='word_1_293' title='bbox 2079 1585 2297 1644; x_wconf 87' lang='lat' dir='ltr'><strong>Amen.</strong></span> <span class='ocrx_word' id='word_1_294' title='bbox 2964 1659 2965 1662; x_wconf 7' lang='grc' dir='ltr'><strong>Ἴ</strong></span> 
     </span>
    </p>

    <p class='ocr_par' dir='ltr' id='par_1_36' title="bbox 1674 1661 2965 1899">
     <span class='ocr_line' id='line_1_71' title="bbox 1760 1661 2965 1742; baseline -0.002 -21"><span class='ocrx_word' id='word_1_295' title='bbox 1760 1663 1848 1723; x_wconf 84' lang='lat' dir='ltr'><strong>Et</strong></span> <span class='ocrx_word' id='word_1_296' title='bbox 1876 1673 2072 1742; x_wconf 84' lang='lat' dir='ltr'><strong>postea</strong></span> <span class='ocrx_word' id='word_1_297' title='bbox 2103 1663 2319 1735; x_wconf 84' lang='lat' dir='ltr'><strong>dicant,</strong></span> <span class='ocrx_word' id='word_1_298' title='bbox 2345 1661 2508 1724; x_wconf 81' lang='lat' dir='ltr'><strong>Confi</strong></span> <span class='ocrx_word' id='word_1_299' title='bbox 2517 1671 2664 1726; x_wconf 83' lang='lat' dir='ltr'><strong>teor.</strong></span> <span class='ocrx_word' id='word_1_300' title='bbox 2759 1662 2860 1738; x_wconf 79' lang='lat' dir='ltr'><strong>Quo</strong></span> <span class='ocrx_word' id='word_1_301' title='bbox 2964 1665 2965 1672; x_wconf 75' lang='grc'>’</span> 
     </span>
     <span class='ocr_line' id='line_1_72' title="bbox 1678 1742 2860 1814; baseline -0.003 -14"><span class='ocrx_word' id='word_1_302' title='bbox 1678 1742 1847 1814; x_wconf 80' lang='lat' dir='ltr'><strong>dicto,</strong></span> <span class='ocrx_word' id='word_1_303' title='bbox 1895 1743 2053 1800; x_wconf 88' lang='lat' dir='ltr'><strong>dicat</strong></span> <span class='ocrx_word' id='word_1_304' title='bbox 2097 1742 2368 1813; x_wconf 85' lang='lat' dir='ltr'><strong>sacerdos,</strong></span> <span class='ocrx_word' id='word_1_305' title='bbox 2411 1743 2777 1814; x_wconf 88' lang='lat' dir='ltr'><strong>Misereatur,</strong></span> <span class='ocrx_word' id='word_1_306' title='bbox 2810 1748 2860 1798; x_wconf 81' lang='lat' dir='ltr'><strong>ut</strong></span> 
     </span>
     <span class='ocr_line' id='line_1_73' title="bbox 1674 1820 2654 1899; baseline 0 -20"><span class='ocrx_word' id='word_1_307' title='bbox 1674 1841 1871 1899; x_wconf 81' lang='lat' dir='ltr'><strong>supra.</strong></span> <span class='ocrx_word' id='word_1_308' title='bbox 1952 1820 2176 1879; x_wconf 87' lang='lat' dir='ltr'><strong>Deinde</strong></span> <span class='ocrx_word' id='word_1_309' title='bbox 2200 1820 2358 1877; x_wconf 89' lang='lat' dir='ltr'><strong>dicat</strong></span> <span class='ocrx_word' id='word_1_310' title='bbox 2380 1821 2654 1879; x_wconf 81' lang='lat' dir='ltr'><strong>sacerdos.</strong></span> 
     </span>
    </p>

    <p class='ocr_par' dir='ltr' id='par_1_37' title="bbox 1681 1896 2868 2350">
     <span class='ocr_line' id='line_1_74' title="bbox 1761 1896 2863 1958; baseline -0.005 0"><span class='ocrx_word' id='word_1_311' title='bbox 1761 1898 2201 1958; x_wconf 84' lang='lat' dir='ltr'><strong>Absolutionem</strong></span> <span class='ocrx_word' id='word_1_312' title='bbox 2220 1908 2279 1958; x_wconf 91' lang='lat' dir='ltr'><strong>et</strong></span> <span class='ocrx_word' id='word_1_313' title='bbox 2296 1899 2690 1958; x_wconf 88' lang='lat' dir='ltr'><strong>remissionem</strong></span> <span class='ocrx_word' id='word_1_314' title='bbox 2706 1896 2863 1957; x_wconf 90' lang='lat' dir='ltr'><strong>omni·</strong></span> 
     </span>
     <span class='ocr_line' id='line_1_75' title="bbox 1681 1979 2862 2056; baseline -0.001 -22"><span class='ocrx_word' id='word_1_315' title='bbox 1681 1997 1777 2035; x_wconf 90' lang='lat' dir='ltr'><strong>um</strong></span> <span class='ocrx_word' id='word_1_316' title='bbox 1838 1985 2192 2056; x_wconf 85' lang='lat' dir='ltr'><strong>peccatorum</strong></span> <span class='ocrx_word' id='word_1_317' title='bbox 2246 1985 2588 2048; x_wconf 83' lang='lat' dir='ltr'><strong>vestrorum,</strong></span> <span class='ocrx_word' id='word_1_318' title='bbox 2640 1979 2862 2055; x_wconf 88' lang='lat' dir='ltr'><strong>spatium</strong></span> 
     </span>
     <span class='ocr_line' id='line_1_76' title="bbox 1682 2054 2862 2134; baseline -0.003 -21"><span class='ocrx_word' id='word_1_319' title='bbox 1682 2076 1836 2115; x_wconf 73' lang='lat' dir='ltr'><strong>verse</strong></span> <span class='ocrx_word' id='word_1_320' title='bbox 1890 2054 2264 2134; x_wconf 82' lang='lat' dir='ltr'><strong>poenitentiae,</strong></span> <span class='ocrx_word' id='word_1_321' title='bbox 2312 2064 2373 2114; x_wconf 84' lang='lat' dir='ltr'><strong>et</strong></span> <span class='ocrx_word' id='word_1_322' title='bbox 2426 2056 2862 2115; x_wconf 79' lang='lat' dir='ltr'><strong>emendationem</strong></span> 
     </span>
     <span class='ocr_line' id='line_1_77' title="bbox 1682 2132 2868 2213; baseline -0.003 -21"><span class='ocrx_word' id='word_1_323' title='bbox 1682 2135 1839 2205; x_wconf 80' lang='lat' dir='ltr'><strong>vitae,</strong></span> <span class='ocrx_word' id='word_1_324' title='bbox 1866 2133 2114 2213; x_wconf 84' lang='lat' dir='ltr'><strong>gratiam</strong></span> <span class='ocrx_word' id='word_1_325' title='bbox 2133 2141 2194 2193; x_wconf 91' lang='lat' dir='ltr'><strong>et</strong></span> <span class='ocrx_word' id='word_1_326' title='bbox 2220 2133 2663 2194; x_wconf 83' lang='lat' dir='ltr'><strong>consolationem</strong></span> <span class='ocrx_word' id='word_1_327' title='bbox 2690 2132 2868 2194; x_wconf 84' lang='lat' dir='ltr'><strong>Sancti</strong></span> 
     </span>
     <span class='ocr_line' id='line_1_78' title="bbox 1685 2212 2867 2291; baseline -0.004 -17"><span class='ocrx_word' id='word_1_328' title='bbox 1685 2213 1952 2291; x_wconf 84' lang='lat' dir='ltr'><strong>Spiritus,</strong></span> <span class='ocrx_word' id='word_1_329' title='bbox 1988 2214 2208 2270; x_wconf 88' lang='lat' dir='ltr'><strong>tribuat</strong></span> <span class='ocrx_word' id='word_1_330' title='bbox 2244 2212 2403 2270; x_wconf 88' lang='lat' dir='ltr'><strong>vobis</strong></span> <span class='ocrx_word' id='word_1_331' title='bbox 2437 2213 2791 2291; x_wconf 85' lang='lat' dir='ltr'><strong>omnipotens</strong></span> <span class='ocrx_word' id='word_1_332' title='bbox 2816 2219 2867 2271; x_wconf 86' lang='lat' dir='ltr'><strong>et</strong></span> 
     </span>
     <span class='ocr_line' id='line_1_79' title="bbox 1683 2290 2325 2350; baseline 0 -1"><span class='ocrx_word' id='word_1_333' title='bbox 1683 2291 2002 2350; x_wconf 86' lang='lat' dir='ltr'><strong>misericors</strong></span> <span class='ocrx_word' id='word_1_334' title='bbox 2028 2290 2325 2349; x_wconf 89' lang='lat' dir='ltr'><strong>Dominus.</strong></span> 
     </span>
    </p>

    <p class='ocr_par' dir='ltr' id='par_1_38' title="bbox 1761 2367 2713 2445">
     <span class='ocr_line' id='line_1_80' title="bbox 1761 2367 2713 2445; baseline -0.001 -16"><span class='ocrx_word' id='word_1_335' title='bbox 1761 2369 2040 2429; x_wconf 75' lang='lat' dir='ltr'><strong>Ministri</strong></span> <span class='ocrx_word' id='word_1_336' title='bbox 2064 2368 2451 2445; x_wconf 80' lang='lat' dir='ltr'><strong>respondeant,</strong></span> <span class='ocrx_word' id='word_1_337' title='bbox 2493 2367 2713 2428; x_wconf 89' lang='lat' dir='ltr'><strong>Amen.</strong></span> 
     </span>
    </p>

    <p class='ocr_par' dir='ltr' id='par_1_39' title="bbox 1681 2447 2875 2819">
     <span class='ocr_line' id='line_1_81' title="bbox 1763 2447 2870 2524; baseline 0.001 -19"><span class='ocrx_word' id='word_1_338' title='bbox 1763 2459 1788 2488; x_wconf 78' lang='lat'><strong>⁰</strong></span> <span class='ocrx_word' id='word_1_339' title='bbox 1803 2448 1884 2505; x_wconf 89' lang='lat' dir='ltr'><strong>Et</strong></span> <span class='ocrx_word' id='word_1_340' title='bbox 1922 2447 2210 2506; x_wconf 76' lang='lat' dir='ltr'><strong>sciendam</strong></span> <span class='ocrx_word' id='word_1_341' title='bbox 2251 2455 2345 2518; x_wconf 88' lang='lat' dir='ltr'><strong>est,</strong></span> <span class='ocrx_word' id='word_1_342' title='bbox 2387 2447 2540 2523; x_wconf 73' lang='lat' dir='ltr'><strong>quod</strong></span> <span class='ocrx_word' id='word_1_343' title='bbox 2577 2447 2870 2524; x_wconf 69' lang='lat' dir='ltr'><strong>quicunque</strong></span> 
     </span>
     <span class='ocr_line' id='line_1_82' title="bbox 1681 2524 2875 2603; baseline 0 -19"><span class='ocrx_word' id='word_1_344' title='bbox 1681 2526 1933 2584; x_wconf 79' lang='lat' dir='ltr'><strong>sacerdos</strong></span> <span class='ocrx_word' id='word_1_345' title='bbox 1983 2524 2244 2601; x_wconf 77' lang='lat' dir='ltr'><strong>Officium</strong></span> <span class='ocrx_word' id='word_1_346' title='bbox 2287 2534 2632 2601; x_wconf 72' lang='lat' dir='ltr'><strong>exsequatur,</strong></span> <span class='ocrx_word' id='word_1_347' title='bbox 2677 2545 2875 2603; x_wconf 81' lang='lat' dir='ltr'><strong>semper</strong></span> 
     </span>
     <span class='ocr_line' id='line_1_83' title="bbox 1681 2603 2873 2681; baseline -0.002 -20"><span class='ocrx_word' id='word_1_348' title='bbox 1681 2604 1969 2681; x_wconf 76' lang='lat' dir='ltr'><strong>episcopus</strong></span> <span class='ocrx_word' id='word_1_349' title='bbox 1993 2604 2048 2660; x_wconf 90' lang='lat' dir='ltr'><strong>si</strong></span> <span class='ocrx_word' id='word_1_350' title='bbox 2064 2624 2311 2680; x_wconf 86' lang='lat' dir='ltr'><strong>praesens</strong></span> <span class='ocrx_word' id='word_1_351' title='bbox 2323 2603 2515 2679; x_wconf 78' lang='lat' dir='ltr'><strong>fuerit</strong></span> <span class='ocrx_word' id='word_1_352' title='bbox 2541 2605 2620 2662; x_wconf 83' lang='lat' dir='ltr'><strong>ad</strong></span> <span class='ocrx_word' id='word_1_353' title='bbox 2641 2605 2873 2680; x_wconf 72' lang='lat' dir='ltr'><strong>yradum</strong></span> 
     </span>
     <span class='ocr_line' id='line_1_84' title="bbox 1681 2680 2872 2755; baseline -0.003 -15"><span class='ocrx_word' id='word_1_354' title='bbox 1681 2681 1708 2713; x_wconf 83' lang='lat'><strong>‘¹</strong></span> <span class='ocrx_word' id='word_1_355' title='bbox 1730 2682 1935 2740; x_wconf 76' lang='lat' dir='ltr'><strong>altaris</strong></span> <span class='ocrx_word' id='word_1_356' title='bbox 1953 2681 1980 2713; x_wconf 83' lang='lat'><strong>‘¹</strong></span> <span class='ocrx_word' id='word_1_357' title='bbox 2006 2681 2163 2740; x_wconf 82' lang='lat' dir='ltr'><strong>dicat</strong></span> <span class='ocrx_word' id='word_1_358' title='bbox 2187 2680 2503 2755; x_wconf 83' lang='lat' dir='ltr'><strong>Confiteor,</strong></span> <span class='ocrx_word' id='word_1_359' title='bbox 2525 2682 2872 2753; x_wconf 82' lang='lat' dir='ltr'><strong>Misereatur,</strong></span> 
     </span>
     <span class='ocr_line' id='line_1_85' title="bbox 1685 2759 2261 2819; baseline -0.002 -1"><span class='ocrx_word' id='word_1_360' title='bbox 1685 2767 1737 2818; x_wconf 91' lang='lat' dir='ltr'><strong>et</strong></span> <span class='ocrx_word' id='word_1_361' title='bbox 1773 2759 2261 2819; x_wconf 78' lang='lat' dir='ltr'><strong>Absolutionem.0</strong></span> 
     </span>
    </p>

    <p class='ocr_par' dir='ltr' id='par_1_40' title="bbox 1763 2836 2743 2898">
     <span class='ocr_line' id='line_1_86' title="bbox 1763 2836 2743 2898; baseline 0.002 -2"><span class='ocrx_word' id='word_1_362' title='bbox 1763 2836 1996 2896; x_wconf 81' lang='lat' dir='ltr'><strong>Deinde</strong></span> <span class='ocrx_word' id='word_1_363' title='bbox 2021 2838 2179 2895; x_wconf 86' lang='lat' dir='ltr'><strong>dicat</strong></span> <span class='ocrx_word' id='word_1_364' title='bbox 2202 2836 2456 2896; x_wconf 85' lang='lat' dir='ltr'><strong>sacerdos</strong></span> <span class='ocrx_word' id='word_1_365' title='bbox 2494 2837 2743 2898; x_wconf 78' lang='lat' dir='ltr'><strong>Versum.</strong></span> 
     </span>
    </p>

    <p class='ocr_par' dir='ltr' id='par_1_41' title="bbox 1685 2916 2877 3067">
     <span class='ocr_line' id='line_1_87' title="bbox 1765 2916 2877 2995; baseline -0.002 -20"><span class='ocrx_word' id='word_1_366' title='bbox 1765 2917 2141 2995; x_wconf 89' lang='lat' dir='ltr'><strong>Adjutorium</strong></span> <span class='ocrx_word' id='word_1_367' title='bbox 2204 2924 2466 2978; x_wconf 86' lang='lat' dir='ltr'><strong>nostrum</strong></span> <span class='ocrx_word' id='word_1_368' title='bbox 2534 2917 2599 2976; x_wconf 85' lang='lat' dir='ltr'><strong>in</strong></span> <span class='ocrx_word' id='word_1_369' title='bbox 2661 2916 2877 2978; x_wconf 87' lang='lat' dir='ltr'><strong>nomine</strong></span> 
     </span>
     <span class='ocr_line' id='line_1_88' title="bbox 1685 2995 1939 3067; baseline -0.004 -14"><span class='ocrx_word' id='word_1_370' title='bbox 1685 2995 1939 3067; x_wconf 90' lang='lat' dir='ltr'><strong>Domini,</strong></span> 
     </span>
    </p>

    <p class='ocr_par' dir='ltr' id='par_1_42' title="bbox 1686 3071 2704 3141">
     <span class='ocr_line' id='line_1_89' title="bbox 1686 3071 2704 3141; baseline 0.002 -10"><span class='ocrx_word' id='word_1_371' title='bbox 1686 3072 1765 3131; x_wconf 81' lang='lat' dir='ltr'><strong>R.</strong></span> <span class='ocrx_word' id='word_1_372' title='bbox 1849 3072 1967 3141; x_wconf 79' lang='lat' dir='ltr'><strong>Qui</strong></span> <span class='ocrx_word' id='word_1_373' title='bbox 1993 3072 2130 3134; x_wconf 89' lang='lat' dir='ltr'><strong>fecit</strong></span> <span class='ocrx_word' id='word_1_374' title='bbox 2155 3071 2355 3134; x_wconf 85' lang='lat' dir='ltr'><strong>coelum</strong></span> <span class='ocrx_word' id='word_1_375' title='bbox 2383 3080 2444 3132; x_wconf 88' lang='lat' dir='ltr'><strong>et</strong></span> <span class='ocrx_word' id='word_1_376' title='bbox 2468 3080 2704 3134; x_wconf 87' lang='lat' dir='ltr'><strong>terram.</strong></span> 
     </span>
    </p>

    <p class='ocr_par' dir='ltr' id='par_1_43' title="bbox 1700 3149 2842 3222">
     <span class='ocr_line' id='line_1_90' title="bbox 1700 3149 2842 3222; baseline 0 -13"><span class='ocrx_word' id='word_1_377' title='bbox 1700 3149 1773 3209; x_wconf 85' lang='lat' dir='ltr'><strong>V.</strong></span> <span class='ocrx_word' id='word_1_378' title='bbox 1855 3152 1947 3212; x_wconf 89' lang='lat' dir='ltr'><strong>Sit</strong></span> <span class='ocrx_word' id='word_1_379' title='bbox 1972 3171 2182 3211; x_wconf 87' lang='lat' dir='ltr'><strong>nomen</strong></span> <span class='ocrx_word' id='word_1_380' title='bbox 2209 3151 2444 3210; x_wconf 88' lang='lat' dir='ltr'><strong>Domini</strong></span> <span class='ocrx_word' id='word_1_381' title='bbox 2472 3154 2842 3222; x_wconf 83' lang='lat' dir='ltr'><strong>benedictum,</strong></span> 
     </span>
    </p>

    <p class='ocr_par' dir='ltr' id='par_1_44' title="bbox 1681 3229 2873 3367">
     <span class='ocr_line' id='line_1_91' title="bbox 1681 3229 2873 3365; baseline -0.001 -77"><span class='ocrx_word' id='word_1_382' title='bbox 1681 3229 1756 3288; x_wconf 85' lang='lat' dir='ltr'><strong>R.</strong></span> <span class='ocrx_word' id='word_1_383' title='bbox 1769 3305 1822 3365; x_wconf 81' lang='lat' dir='ltr'>O</span> <span class='ocrx_word' id='word_1_384' title='bbox 1837 3229 1933 3288; x_wconf 86' lang='lat' dir='ltr'><strong>Ex</strong></span> <span class='ocrx_word' id='word_1_385' title='bbox 1952 3230 2058 3288; x_wconf 91' lang='lat' dir='ltr'><strong>hoc</strong></span> <span class='ocrx_word' id='word_1_386' title='bbox 2074 3250 2225 3290; x_wconf 87' lang='lat' dir='ltr'><strong>nunc</strong></span> <span class='ocrx_word' id='word_1_387' title='bbox 2241 3238 2303 3291; x_wconf 85' lang='lat' dir='ltr'><strong>et</strong></span> <span class='ocrx_word' id='word_1_388' title='bbox 2320 3249 2498 3308; x_wconf 84' lang='lat' dir='ltr'><strong>usque</strong></span> <span class='ocrx_word' id='word_1_389' title='bbox 2519 3231 2583 3290; x_wconf 90' lang='lat' dir='ltr'><strong>in</strong></span> <span class='ocrx_word' id='word_1_390' title='bbox 2603 3230 2873 3292; x_wconf 79' lang='lat' dir='ltr'><strong>saeculum.</strong></span> 
     </span>
     <span class='ocr_line' id='line_1_92' title="bbox 1826 3328 2033 3367; baseline 0 -2"><span class='ocrx_word' id='word_1_391' title='bbox 1826 3328 2033 3367; x_wconf 88' lang='lat' dir='ltr'><strong>remus.</strong></span> 
     </span>
    </p>

    <p class='ocr_par' dir='ltr' id='par_1_45' title="bbox 1684 3385 2877 3614">
     <span class='ocr_line' id='line_1_93' title="bbox 1778 3385 2877 3463; baseline 0 -20"><span class='ocrx_word' id='word_1_392' title='bbox 1778 3386 2021 3459; x_wconf 85' lang='lat' dir='ltr'><strong>Deinde,</strong></span> <span class='ocrx_word' id='word_1_393' title='bbox 2063 3385 2258 3461; x_wconf 88' lang='lat' dir='ltr'><strong>finitis</strong></span> <span class='ocrx_word' id='word_1_394' title='bbox 2308 3386 2592 3463; x_wconf 77' lang='lat' dir='ltr'><strong>precibus,</strong></span> <span class='ocrx_word' id='word_1_395' title='bbox 2643 3386 2877 3445; x_wconf 74' lang='lat' dir='ltr'><strong>sacerdos</strong></span> 
     </span>
     <span class='ocr_line' id='line_1_94' title="bbox 1684 3462 2876 3544; baseline 0.003 -23"><span class='ocrx_word' id='word_1_396' title='bbox 1684 3462 2031 3524; x_wconf 79' lang='lat' dir='ltr'><strong>deosculetur</strong></span> <span class='ocrx_word' id='word_1_397' title='bbox 2074 3464 2398 3538; x_wconf 84' lang='lat' dir='ltr'><strong>diaconum,</strong></span> <span class='ocrx_word' id='word_1_398' title='bbox 2441 3474 2494 3523; x_wconf 86' lang='lat' dir='ltr'><strong>et</strong></span> <span class='ocrx_word' id='word_1_399' title='bbox 2528 3474 2720 3544; x_wconf 86' lang='lat' dir='ltr'><strong>postea</strong></span> <span class='ocrx_word' id='word_1_400' title='bbox 2760 3465 2876 3523; x_wconf 79' lang='lat' dir='ltr'><strong>sub-</strong></span> 
     </span>
     <span class='ocr_line' id='line_1_95' title="bbox 1686 3542 2361 3614; baseline 0.001 -15"><span class='ocrx_word' id='word_1_401' title='bbox 1686 3542 2009 3614; x_wconf 82' lang='lat' dir='ltr'><strong>diaconum,</strong></span> <span class='ocrx_word' id='word_1_402' title='bbox 2038 3543 2127 3599; x_wconf 89' lang='lat' dir='ltr'><strong>ita</strong></span> <span class='ocrx_word' id='word_1_403' title='bbox 2152 3542 2361 3614; x_wconf 87' lang='lat' dir='ltr'><strong>dicens,</strong></span> 
     </span>
    </p>

    <p class='ocr_par' dir='ltr' id='par_1_46' title="bbox 1687 3618 2882 3858">
     <span class='ocr_line' id='line_1_96' title="bbox 1767 3618 2881 3699; baseline -0.002 -20"><span class='ocrx_word' id='word_1_404' title='bbox 1767 3620 1998 3681; x_wconf 88' lang='lat' dir='ltr'><strong>Habete</strong></span> <span class='ocrx_word' id='word_1_405' title='bbox 2025 3620 2272 3682; x_wconf 88' lang='lat' dir='ltr'><strong>osculum</strong></span> <span class='ocrx_word' id='word_1_406' title='bbox 2301 3619 2454 3699; x_wconf 80' lang='lat' dir='ltr'><strong>pacis</strong></span> <span class='ocrx_word' id='word_1_407' title='bbox 2475 3629 2536 3680; x_wconf 89' lang='lat' dir='ltr'><strong>et</strong></span> <span class='ocrx_word' id='word_1_408' title='bbox 2555 3618 2881 3689; x_wconf 84' lang='lat' dir='ltr'><strong>dilectionis,</strong></span> 
     </span>
     <span class='ocr_line' id='line_1_97' title="bbox 1687 3698 2882 3778; baseline -0.001 -20"><span class='ocrx_word' id='word_1_409' title='bbox 1687 3708 1755 3758; x_wconf 89' lang='lat' dir='ltr'><strong>ut</strong></span> <span class='ocrx_word' id='word_1_410' title='bbox 1802 3700 1922 3778; x_wconf 89' lang='lat' dir='ltr'><strong>apti</strong></span> <span class='ocrx_word' id='word_1_411' title='bbox 1969 3698 2092 3757; x_wconf 89' lang='lat' dir='ltr'><strong>sitis</strong></span> <span class='ocrx_word' id='word_1_412' title='bbox 2145 3708 2499 3758; x_wconf 86' lang='lat' dir='ltr'><strong>sacrosancto</strong></span> <span class='ocrx_word' id='word_1_413' title='bbox 2543 3700 2724 3773; x_wconf 87' lang='lat' dir='ltr'><strong>altari,</strong></span> <span class='ocrx_word' id='word_1_414' title='bbox 2772 3698 2882 3757; x_wconf 66' lang='lat' dir='ltr'><strong>‘ad</strong></span> 
     </span>
     <span class='ocr_line' id='line_1_98' title="bbox 1691 3777 2582 3858; baseline 0 -21"><span class='ocrx_word' id='word_1_415' title='bbox 1691 3778 2103 3858; x_wconf 89' lang='lat' dir='ltr'><strong>perficiendum</strong></span> <span class='ocrx_word' id='word_1_416' title='bbox 2134 3777 2318 3835; x_wconf 86' lang='lat' dir='ltr'><strong>officia</strong></span> <span class='ocrx_word' id='word_1_417' title='bbox 2341 3777 2582 3837; x_wconf 57' lang='lat' dir='ltr'><strong>divinas</strong></span> 
     </span>
    </p>

    <p class='ocr_par' dir='ltr' id='par_1_47' title="bbox 1690 3855 2892 4149">
     <span class='ocr_line' id='line_1_99' title="bbox 1771 3855 2887 3934; baseline -0.001 -21"><span class='ocrx_word' id='word_1_418' title='bbox 1771 3856 1858 3913; x_wconf 88' lang='lat' dir='ltr'><strong>Et</strong></span> <span class='ocrx_word' id='word_1_419' title='bbox 1883 3857 1982 3913; x_wconf 79' lang='lat' dir='ltr'><strong>hoc</strong></span> <span class='ocrx_word' id='word_1_420' title='bbox 2006 3875 2219 3932; x_wconf 79' lang='lat' dir='ltr'><strong>semper</strong></span> <span class='ocrx_word' id='word_1_421' title='bbox 2243 3855 2553 3914; x_wconf 82' lang='lat' dir='ltr'><strong>observetur</strong></span> <span class='ocrx_word' id='word_1_422' title='bbox 2574 3878 2680 3934; x_wconf 82' lang='lat' dir='ltr'><strong>per</strong></span> <span class='ocrx_word' id='word_1_423' title='bbox 2713 3863 2887 3916; x_wconf 76' lang='lat' dir='ltr'><strong>totum</strong></span> 
     </span>
     <span class='ocr_line' id='line_1_100' title="bbox 1692 3934 2888 4012; baseline -0.001 -20"><span class='ocrx_word' id='word_1_424' title='bbox 1692 3955 1925 4005; x_wconf 83' lang='lat' dir='ltr'><strong>annum,</strong></span> <span class='ocrx_word' id='word_1_425' title='bbox 1979 3934 2101 3991; x_wconf 87' lang='lat' dir='ltr'><strong>nisi</strong></span> <span class='ocrx_word' id='word_1_426' title='bbox 2152 3941 2374 3994; x_wconf 79' lang='lat' dir='ltr'><strong>tantum</strong></span> <span class='ocrx_word' id='word_1_427' title='bbox 2424 3935 2494 3992; x_wconf 87' lang='lat' dir='ltr'><strong>in</strong></span> <span class='ocrx_word' id='word_1_428' title='bbox 2544 3934 2727 3993; x_wconf 82' lang='lat' dir='ltr'><strong>missis</strong></span> <span class='ocrx_word' id='word_1_429' title='bbox 2780 3955 2888 4012; x_wconf 84' lang='lat' dir='ltr'><strong>pro</strong></span> 
     </span>
     <span class='ocr_line' id='line_1_101' title="bbox 1690 4011 2892 4091; baseline -0.001 -21"><span class='ocrx_word' id='word_1_430' title='bbox 1690 4011 1966 4088; x_wconf 70' lang='lat' dir='ltr'><strong>defunctis</strong></span> <span class='ocrx_word' id='word_1_431' title='bbox 2005 4020 2055 4070; x_wconf 88' lang='lat' dir='ltr'><strong>et</strong></span> <span class='ocrx_word' id='word_1_432' title='bbox 2097 4011 2162 4071; x_wconf 85' lang='lat' dir='ltr'><strong>in</strong></span> <span class='ocrx_word' id='word_1_433' title='bbox 2206 4012 2385 4071; x_wconf 75' lang='lat' dir='ltr'><strong>tribus</strong></span> <span class='ocrx_word' id='word_1_434' title='bbox 2413 4013 2694 4091; x_wconf 76' lang='lat' dir='ltr'><strong>proximis</strong></span> <span class='ocrx_word' id='word_1_435' title='bbox 2716 4012 2844 4091; x_wconf 75' lang='lat' dir='ltr'><strong>sert</strong></span> <span class='ocrx_word' id='word_1_436' title='bbox 2850 4012 2892 4070; x_wconf 83' lang='lat' dir='ltr'><strong>is</strong></span> 
     </span>
     <span class='ocr_line' id='line_1_102' title="bbox 1692 4090 2119 4149; baseline -0.002 -1"><span class='ocrx_word' id='word_1_437' title='bbox 1692 4098 1821 4149; x_wconf 89' lang='lat' dir='ltr'><strong>ante</strong></span> <span class='ocrx_word' id='word_1_438' title='bbox 1872 4090 2119 4148; x_wconf 75' lang='lat' dir='ltr'><strong>Pascha.</strong></span> 
     </span>
    </p>

    <p class='ocr_par' dir='ltr' id='par_1_48' title="bbox 1771 4166 2894 4248">
     <span class='ocr_line' id='line_1_103' title="bbox 1771 4166 2894 4248; baseline 0.001 -23"><span class='ocrx_word' id='word_1_439' title='bbox 1771 4166 1890 4225; x_wconf 89' lang='lat' dir='ltr'><strong>His</strong></span> <span class='ocrx_word' id='word_1_440' title='bbox 1910 4168 2101 4245; x_wconf 77' lang='lat' dir='ltr'><strong>itaque</strong></span> <span class='ocrx_word' id='word_1_441' title='bbox 2119 4168 2386 4248; x_wconf 86' lang='lat' dir='ltr'><strong>peractis,</strong></span> <span class='ocrx_word' id='word_1_442' title='bbox 2408 4167 2735 4248; x_wconf 65' lang='lat' dir='ltr'><strong>ceroferarii</strong></span> <span class='ocrx_word' id='word_1_443' title='bbox 2761 4189 2894 4227; x_wconf 80' lang='lat' dir='ltr'><strong>can-</strong></span> 
     </span>
    </p>
   </div>
   <div class='ocr_carea' id='block_1_10' title="bbox 1691 4339 2490 4469">
    <p class='ocr_par' dir='ltr' id='par_1_49' title="bbox 1691 4339 2490 4469">
     <span class='ocr_line' id='line_1_104' title="bbox 1691 4339 2427 4396; baseline 0.001 -2"><span class='ocrx_word' id='word_1_444' title='bbox 1691 4340 1719 4377; x_wconf 62' lang='grc' dir='ltr'><strong>(ἲ</strong></span> <span class='ocrx_word' id='word_1_445' title='bbox 1756 4339 2084 4396; x_wconf 66' lang='lat' dir='ltr'><strong>chori—92.</strong></span> <span class='ocrx_word' id='word_1_446' title='bbox 2113 4340 2199 4394; x_wconf 87' lang='lat'><strong>94.</strong></span> <span class='ocrx_word' id='word_1_447' title='bbox 2227 4340 2312 4396; x_wconf 90' lang='grc'><strong>97.</strong></span> <span class='ocrx_word' id='word_1_448' title='bbox 2341 4341 2427 4395; x_wconf 88' lang='lat'><strong>98.</strong></span> 
     </span>
     <span class='ocr_line' id='line_1_105' title="bbox 1691 4410 2490 4469; baseline 0.004 -4"><span class='ocrx_word' id='word_1_449' title='bbox 1691 4419 1716 4448; x_wconf 66' lang='grc' dir='ltr'><strong>θ</strong></span> <span class='ocrx_word' id='word_1_450' title='bbox 1754 4410 1973 4466; x_wconf 84' lang='lat' dir='ltr'><strong>Domini</strong></span> <span class='ocrx_word' id='word_1_451' title='bbox 2009 4411 2490 4469; x_wconf 64' lang='lat' dir='ltr'><strong>ministeria—94.</strong></span> 
     </span>
    </p>
   </div>
   <div class='ocr_carea' id='block_1_11' title="bbox 2963 1305 2967 4984">
    <p class='ocr_par' dir='ltr' id='par_1_50' title="bbox 2963 1305 2967 4984">
     <span class='ocr_line' id='line_1_106' title="bbox 2963 1305 2967 4984; baseline 0 0"><span class='ocrx_word' id='word_1_452' title='bbox 2963 1305 2967 4984; x_wconf 95' lang='lat' dir='ltr'><strong> </strong></span> 
     </span>
    </p>
   </div>
  </div>
 </body>
</html>
