<?xml version="1.0" encoding="UTF-8"?>
<!DOCTYPE html PUBLIC "-//W3C//DTD XHTML 1.0 Transitional//EN"
    "http://www.w3.org/TR/xhtml1/DTD/xhtml1-transitional.dtd">
<html xmlns="http://www.w3.org/1999/xhtml" xml:lang="en" lang="en">
 <head>
  <title>
</title>
<meta http-equiv="Content-Type" content="text/html;charset=utf-8" />
  <meta name='ocr-system' content='tesseract 3.04.00' />
  <meta name='ocr-capabilities' content='ocr_page ocr_carea ocr_par ocr_line ocrx_word'/>
</head>
<body>
  <div class='ocr_page' id='page_1' title='image "./missaleadusumin00cathgoog_0270.png"; bbox 0 0 2975 5009; ppageno 0'>
   <div class='ocr_carea' id='block_1_1' title="bbox 282 205 1489 271">
    <p class='ocr_par' dir='ltr' id='par_1_1' title="bbox 282 205 1489 271">
     <span class='ocr_line' id='line_1_1' title="bbox 282 205 1489 271; baseline -0.002 0"><span class='ocrx_word' id='word_1_1' title='bbox 282 205 412 271; x_wconf 82' lang='lat'><strong>503</strong></span> <span class='ocrx_word' id='word_1_2' title='bbox 435 220 598 270; x_wconf 79' lang='lat' dir='ltr'><strong>nse.</strong></span> <span class='ocrx_word' id='word_1_3' title='bbox 626 220 796 270; x_wconf 62' lang='lat' dir='ltr'><strong>rosv</strong></span> <span class='ocrx_word' id='word_1_4' title='bbox 825 221 890 270; x_wconf 84' lang='grc' dir='ltr'><strong>ι).</strong></span> <span class='ocrx_word' id='word_1_5' title='bbox 922 218 1267 271; x_wconf 73' lang='lat' dir='ltr'><strong>x1v.ros·1·</strong></span> <span class='ocrx_word' id='word_1_6' title='bbox 1294 219 1489 269; x_wconf 71' lang='lat' dir='ltr'><strong>mm.</strong></span> 
     </span>
    </p>
   </div>
   <div class='ocr_carea' id='block_1_2' title="bbox 374 376 765 435">
    <p class='ocr_par' dir='ltr' id='par_1_2' title="bbox 374 376 765 435">
     <span class='ocr_line' id='line_1_2' title="bbox 374 376 765 435; baseline 0.003 -1"><span class='ocrx_word' id='word_1_7' title='bbox 374 376 765 435; x_wconf 66' lang='lat' dir='ltr'><strong>Communia⁸</strong></span> 
     </span>
    </p>
   </div>
   <div class='ocr_carea' id='block_1_3' title="bbox 289 452 1499 598">
    <p class='ocr_par' dir='ltr' id='par_1_3' title="bbox 289 452 1499 598">
     <span class='ocr_line' id='line_1_3' title="bbox 359 452 1499 537; baseline 0.001 -30"><span class='ocrx_word' id='word_1_8' title='bbox 359 452 526 509; x_wconf 83' lang='lat' dir='ltr'><strong>Panis</strong></span> <span class='ocrx_word' id='word_1_9' title='bbox 561 452 1499 537; x_wconf 75' lang='lat' dir='ltr'><strong>quemegodederozcaromeaest</strong></span> 
     </span>
     <span class='ocr_line' id='line_1_4' title="bbox 289 525 752 598; baseline 0 -18"><span class='ocrx_word' id='word_1_10' title='bbox 289 541 388 598; x_wconf 84' lang='lat' dir='ltr'><strong>pro</strong></span> <span class='ocrx_word' id='word_1_11' title='bbox 411 525 597 580; x_wconf 77' lang='lat' dir='ltr'><strong>saeculi</strong></span> <span class='ocrx_word' id='word_1_12' title='bbox 622 530 752 580; x_wconf 77' lang='lat' dir='ltr'><strong>vita.</strong></span> 
     </span>
    </p>
   </div>
   <div class='ocr_carea' id='block_1_4' title="bbox 300 595 1502 830">
    <p class='ocr_par' dir='ltr' id='par_1_4' title="bbox 300 595 1502 830">
     <span class='ocr_line' id='line_1_5' title="bbox 373 595 850 655; baseline 0 -2"><span class='ocrx_word' id='word_1_13' title='bbox 373 595 850 655; x_wconf 59' lang='lat' dir='ltr'><strong>postcommunio.</strong></span> 
     </span>
     <span class='ocr_line' id='line_1_6' title="bbox 376 671 1502 751; baseline -0.004 -17"><span class='ocrx_word' id='word_1_14' title='bbox 376 675 652 751; x_wconf 87' lang='lat' dir='ltr'><strong>Sumptis,</strong></span> <span class='ocrx_word' id='word_1_15' title='bbox 669 673 936 745; x_wconf 83' lang='lat' dir='ltr'><strong>Domine,</strong></span> <span class='ocrx_word' id='word_1_16' title='bbox 951 671 1304 732; x_wconf 72' lang='lat' dir='ltr'><strong>bcoelestibus</strong></span> <span class='ocrx_word' id='word_1_17' title='bbox 1318 692 1502 731; x_wconf 85' lang='lat' dir='ltr'><strong>sacra-</strong></span> 
     </span>
     <span class='ocr_line' id='line_1_7' title="bbox 300 751 1502 830; baseline -0.001 -19"><span class='ocrx_word' id='word_1_18' title='bbox 300 752 557 823; x_wconf 76' lang='lat' dir='ltr'><strong>mentis,b</strong></span> <span class='ocrx_word' id='word_1_19' title='bbox 625 752 698 809; x_wconf 81' lang='lat' dir='ltr'><strong>ad</strong></span> <span class='ocrx_word' id='word_1_20' title='bbox 770 751 1179 830; x_wconf 79' lang='lat' dir='ltr'><strong>redemptionis</strong></span> <span class='ocrx_word' id='word_1_21' title='bbox 1244 760 1502 822; x_wconf 78' lang='lat' dir='ltr'><strong>aeternae,</strong></span> 
     </span>
    </p>
   </div>
   <div class='ocr_carea' id='block_1_5' title="bbox 340 830 1503 970">
    <p class='ocr_par' dir='ltr' id='par_1_5' title="bbox 340 830 1503 970">
     <span class='ocr_line' id='line_1_8' title="bbox 340 830 1503 909; baseline -0.001 -21"><span class='ocrx_word' id='word_1_22' title='bbox 340 849 639 902; x_wconf 79' lang='lat' dir='ltr'><strong>uaesumus,</strong></span> <span class='ocrx_word' id='word_1_23' title='bbox 702 830 1063 908; x_wconf 86' lang='lat' dir='ltr'><strong>proficiamus</strong></span> <span class='ocrx_word' id='word_1_24' title='bbox 1112 838 1503 909; x_wconf 84' lang='lat' dir='ltr'><strong>augmentum.</strong></span> 
     </span>
     <span class='ocr_line' id='line_1_9' title="bbox 355 906 779 970; baseline -0.014 0"><span class='ocrx_word' id='word_1_25' title='bbox 355 930 421 970; x_wconf 88' lang='lat' dir='ltr'><strong>er</strong></span> <span class='ocrx_word' id='word_1_26' title='bbox 447 906 779 967; x_wconf 87' lang='lat' dir='ltr'><strong>Dominum.</strong></span> 
     </span>
    </p>
   </div>
   <div class='ocr_carea' id='block_1_6' title="bbox 312 1142 1546 3094">
    <p class='ocr_par' dir='ltr' id='par_1_6' title="bbox 410 1142 954 1238">
     <span class='ocr_line' id='line_1_10' title="bbox 410 1142 954 1238; baseline 0.004 -24"><span class='ocrx_word' id='word_1_27' title='bbox 410 1142 626 1215; x_wconf 88' lang='lat' dir='ltr'><strong>Feria</strong></span> <span class='ocrx_word' id='word_1_28' title='bbox 671 1152 954 1238; x_wconf 76' lang='lat' dir='ltr'><strong>quarta.</strong></span> 
     </span>
    </p>

    <p class='ocr_par' dir='ltr' id='par_1_7' title="bbox 388 1239 888 1300">
     <span class='ocr_line' id='line_1_11' title="bbox 388 1239 888 1300; baseline -0.006 -1"><span class='ocrx_word' id='word_1_29' title='bbox 388 1241 492 1300; x_wconf 82' lang='lat' dir='ltr'><strong>Ad</strong></span> <span class='ocrx_word' id='word_1_30' title='bbox 522 1239 888 1299; x_wconf 50' lang='lat' dir='ltr'><strong>&amp;anthias</strong></span> 
     </span>
    </p>

    <p class='ocr_par' dir='ltr' id='par_1_8' title="bbox 312 1317 1546 3094">
     <span class='ocr_line' id='line_1_12' title="bbox 392 1317 1514 1396; baseline -0.003 -18"><span class='ocrx_word' id='word_1_31' title='bbox 392 1320 644 1388; x_wconf 82' lang='lat' dir='ltr'><strong>Fratres,</strong></span> <span class='ocrx_word' id='word_1_32' title='bbox 672 1317 873 1378; x_wconf 87' lang='lat' dir='ltr'><strong>Nolite</strong></span> <span class='ocrx_word' id='word_1_33' title='bbox 906 1317 1108 1396; x_wconf 70' lang='lat' dir='ltr'><strong>jugum</strong></span> <span class='ocrx_word' id='word_1_34' title='bbox 1148 1318 1353 1377; x_wconf 89' lang='lat' dir='ltr'><strong>ducere</strong></span> <span class='ocrx_word' id='word_1_35' title='bbox 1384 1337 1514 1376; x_wconf 85' lang='lat' dir='ltr'><strong>cum</strong></span> 
     </span>
     <span class='ocr_line' id='line_1_13' title="bbox 312 1395 1515 1463; baseline -0.002 -7"><span class='ocrx_word' id='word_1_36' title='bbox 312 1395 638 1456; x_wconf 87' lang='lat' dir='ltr'><strong>infidelibus</strong></span> <span class='ocrx_word' id='word_1_37' title='bbox 674 1396 773 1455; x_wconf 90' lang='lat' dir='ltr'><strong>sed</strong></span> <span class='ocrx_word' id='word_1_38' title='bbox 812 1415 939 1454; x_wconf 88' lang='lat' dir='ltr'><strong>cum</strong></span> <span class='ocrx_word' id='word_1_39' title='bbox 982 1396 1264 1456; x_wconf 89' lang='lat' dir='ltr'><strong>fidelibus.</strong></span> <span class='ocrx_word' id='word_1_40' title='bbox 1365 1396 1515 1463; x_wconf 81' lang='lat' dir='ltr'><strong>Quae</strong></span> 
     </span>
     <span class='ocr_line' id='line_1_14' title="bbox 315 1472 1518 1554; baseline -0.001 -20"><span class='ocrx_word' id='word_1_41' title='bbox 315 1476 469 1535; x_wconf 90' lang='lat' dir='ltr'><strong>enim</strong></span> <span class='ocrx_word' id='word_1_42' title='bbox 497 1472 854 1554; x_wconf 83' lang='lat' dir='ltr'><strong>participatio</strong></span> <span class='ocrx_word' id='word_1_43' title='bbox 887 1475 1123 1553; x_wconf 76' lang='lat' dir='ltr'><strong>justitiae</strong></span> <span class='ocrx_word' id='word_1_44' title='bbox 1150 1495 1276 1533; x_wconf 91' lang='lat' dir='ltr'><strong>cum</strong></span> <span class='ocrx_word' id='word_1_45' title='bbox 1313 1473 1518 1552; x_wconf 89' lang='lat' dir='ltr'><strong>iniqui-</strong></span> 
     </span>
     <span class='ocr_line' id='line_1_15' title="bbox 315 1552 1519 1629; baseline -0.002 -16"><span class='ocrx_word' id='word_1_46' title='bbox 315 1555 481 1613; x_wconf 65' lang='lat' dir='ltr'><strong>tate?</strong></span> <span class='ocrx_word' id='word_1_47' title='bbox 566 1552 691 1610; x_wconf 93' lang='lat' dir='ltr'><strong>Aut</strong></span> <span class='ocrx_word' id='word_1_48' title='bbox 716 1571 842 1629; x_wconf 76' lang='lat' dir='ltr'><strong>quse</strong></span> <span class='ocrx_word' id='word_1_49' title='bbox 864 1552 1099 1612; x_wconf 87' lang='lat' dir='ltr'><strong>societas</strong></span> <span class='ocrx_word' id='word_1_50' title='bbox 1125 1552 1232 1611; x_wconf 90' lang='lat' dir='ltr'><strong>luci</strong></span> <span class='ocrx_word' id='word_1_51' title='bbox 1260 1553 1332 1610; x_wconf 86' lang='lat' dir='ltr'><strong>ad</strong></span> <span class='ocrx_word' id='word_1_52' title='bbox 1358 1563 1519 1611; x_wconf 90' lang='lat' dir='ltr'><strong>tene-</strong></span> 
     </span>
     <span class='ocr_line' id='line_1_16' title="bbox 317 1628 1523 1698; baseline -0.002 -8"><span class='ocrx_word' id='word_1_53' title='bbox 317 1634 482 1691; x_wconf 65' lang='lat' dir='ltr'><strong>bras?</strong></span> <span class='ocrx_word' id='word_1_54' title='bbox 563 1631 711 1698; x_wconf 82' lang='lat' dir='ltr'><strong>Quae</strong></span> <span class='ocrx_word' id='word_1_55' title='bbox 750 1638 942 1690; x_wconf 88' lang='lat' dir='ltr'><strong>autem</strong></span> <span class='ocrx_word' id='word_1_56' title='bbox 981 1631 1278 1690; x_wconf 87' lang='lat' dir='ltr'><strong>conventio</strong></span> <span class='ocrx_word' id='word_1_57' title='bbox 1307 1628 1523 1691; x_wconf 79' lang='lat' dir='ltr'><strong>Christi</strong></span> 
     </span>
     <span class='ocr_line' id='line_1_17' title="bbox 317 1707 1522 1787; baseline -0.002 -18"><span class='ocrx_word' id='word_1_58' title='bbox 317 1710 391 1769; x_wconf 84' lang='lat' dir='ltr'><strong>ad</strong></span> <span class='ocrx_word' id='word_1_59' title='bbox 420 1707 648 1768; x_wconf 63' lang='lat' dir='ltr'><strong>Belial?</strong></span> <span class='ocrx_word' id='word_1_60' title='bbox 728 1708 850 1766; x_wconf 88' lang='lat' dir='ltr'><strong>Aut</strong></span> <span class='ocrx_word' id='word_1_61' title='bbox 887 1729 1016 1787; x_wconf 82' lang='lat' dir='ltr'><strong>quae</strong></span> <span class='ocrx_word' id='word_1_62' title='bbox 1048 1728 1180 1787; x_wconf 88' lang='lat' dir='ltr'><strong>pars</strong></span> <span class='ocrx_word' id='word_1_63' title='bbox 1209 1707 1364 1768; x_wconf 84' lang='lat' dir='ltr'><strong>fideli</strong></span> <span class='ocrx_word' id='word_1_64' title='bbox 1392 1728 1522 1766; x_wconf 91' lang='lat' dir='ltr'><strong>cum</strong></span> 
     </span>
     <span class='ocr_line' id='line_1_18' title="bbox 319 1786 1525 1864; baseline 0 -19"><span class='ocrx_word' id='word_1_65' title='bbox 319 1786 578 1847; x_wconf 61' lang='lat' dir='ltr'><strong>infideli?</strong></span> <span class='ocrx_word' id='word_1_66' title='bbox 629 1786 773 1854; x_wconf 81' lang='lat' dir='ltr'><strong>Quis</strong></span> <span class='ocrx_word' id='word_1_67' title='bbox 787 1795 977 1847; x_wconf 90' lang='lat' dir='ltr'><strong>autem</strong></span> <span class='ocrx_word' id='word_1_68' title='bbox 993 1806 1293 1846; x_wconf 82' lang='lat' dir='ltr'><strong>consensus</strong></span> <span class='ocrx_word' id='word_1_69' title='bbox 1308 1786 1525 1864; x_wconf 89' lang='lat' dir='ltr'><strong>templo</strong></span> 
     </span>
     <span class='ocr_line' id='line_1_19' title="bbox 324 1861 1528 1925; baseline -0.001 -2"><span class='ocrx_word' id='word_1_70' title='bbox 324 1867 434 1925; x_wconf 90' lang='lat' dir='ltr'><strong>Dei</strong></span> <span class='ocrx_word' id='word_1_71' title='bbox 486 1886 613 1924; x_wconf 89' lang='lat' dir='ltr'><strong>cum</strong></span> <span class='ocrx_word' id='word_1_72' title='bbox 667 1861 884 1924; x_wconf 64' lang='lat' dir='ltr'><strong>idolis?</strong></span> <span class='ocrx_word' id='word_1_73' title='bbox 980 1864 1103 1924; x_wconf 89' lang='lat' dir='ltr'><strong>Vos</strong></span> <span class='ocrx_word' id='word_1_74' title='bbox 1149 1874 1339 1924; x_wconf 87' lang='lat' dir='ltr'><strong>autem</strong></span> <span class='ocrx_word' id='word_1_75' title='bbox 1392 1864 1528 1922; x_wconf 90' lang='lat' dir='ltr'><strong>estis</strong></span> 
     </span>
     <span class='ocr_line' id='line_1_20' title="bbox 322 1941 1525 2023; baseline 0 -21"><span class='ocrx_word' id='word_1_76' title='bbox 322 1943 601 2023; x_wconf 87' lang='lat' dir='ltr'><strong>templum</strong></span> <span class='ocrx_word' id='word_1_77' title='bbox 643 1942 756 2002; x_wconf 90' lang='lat' dir='ltr'><strong>Dei</strong></span> <span class='ocrx_word' id='word_1_78' title='bbox 794 1942 925 2015; x_wconf 88' lang='lat' dir='ltr'><strong>vivi,</strong></span> <span class='ocrx_word' id='word_1_79' title='bbox 966 1943 1111 2002; x_wconf 86' lang='lat' dir='ltr'><strong>sicut</strong></span> <span class='ocrx_word' id='word_1_80' title='bbox 1149 1943 1289 2001; x_wconf 86' lang='lat' dir='ltr'><strong>dicit</strong></span> <span class='ocrx_word' id='word_1_81' title='bbox 1329 1941 1525 2002; x_wconf 81' lang='lat' dir='ltr'><strong>Deus:</strong></span> 
     </span>
     <span class='ocr_line' id='line_1_21' title="bbox 321 2020 1530 2093; baseline -0.002 -13"><span class='ocrx_word' id='word_1_82' title='bbox 321 2022 604 2090; x_wconf 81' lang='lat' dir='ltr'><strong>Quoniam</strong></span> <span class='ocrx_word' id='word_1_83' title='bbox 659 2020 990 2080; x_wconf 81' lang='lat' dir='ltr'><strong>inhabitabo</strong></span> <span class='ocrx_word' id='word_1_84' title='bbox 1042 2021 1102 2078; x_wconf 90' lang='lat' dir='ltr'><strong>in</strong></span> <span class='ocrx_word' id='word_1_85' title='bbox 1150 2020 1281 2093; x_wconf 87' lang='lat' dir='ltr'><strong>illis,</strong></span> <span class='ocrx_word' id='word_1_86' title='bbox 1328 2028 1388 2079; x_wconf 92' lang='lat' dir='ltr'><strong>et</strong></span> <span class='ocrx_word' id='word_1_87' title='bbox 1441 2021 1530 2077; x_wconf 88' lang='lat' dir='ltr'><strong>in-</strong></span> 
     </span>
     <span class='ocr_line' id='line_1_22' title="bbox 325 2097 1530 2170; baseline -0.003 -11"><span class='ocrx_word' id='word_1_88' title='bbox 325 2099 625 2159; x_wconf 79' lang='lat' dir='ltr'><strong>ambulabo</strong></span> <span class='ocrx_word' id='word_1_89' title='bbox 663 2099 692 2138; x_wconf 66' lang='lat' dir='ltr'><strong>d</strong></span> <span class='ocrx_word' id='word_1_90' title='bbox 719 2099 872 2158; x_wconf 87' lang='lat' dir='ltr'><strong>inter</strong></span> <span class='ocrx_word' id='word_1_91' title='bbox 898 2102 1043 2170; x_wconf 81' lang='lat' dir='ltr'><strong>eos,‘¹</strong></span> <span class='ocrx_word' id='word_1_92' title='bbox 1082 2106 1142 2157; x_wconf 90' lang='lat' dir='ltr'><strong>et</strong></span> <span class='ocrx_word' id='word_1_93' title='bbox 1178 2118 1276 2156; x_wconf 88' lang='lat' dir='ltr'><strong>ero</strong></span> <span class='ocrx_word' id='word_1_94' title='bbox 1300 2097 1530 2157; x_wconf 85' lang='lat' dir='ltr'><strong>illorum</strong></span> 
     </span>
     <span class='ocr_line' id='line_1_23' title="bbox 330 2170 1530 2253; baseline -0.002 -17"><span class='ocrx_word' id='word_1_95' title='bbox 330 2177 507 2246; x_wconf 89' lang='lat' dir='ltr'><strong>Deus,</strong></span> <span class='ocrx_word' id='word_1_96' title='bbox 561 2185 621 2236; x_wconf 94' lang='lat' dir='ltr'><strong>et</strong></span> <span class='ocrx_word' id='word_1_97' title='bbox 673 2170 782 2253; x_wconf 84' lang='lat' dir='ltr'><strong>ipsi</strong></span> <span class='ocrx_word' id='word_1_98' title='bbox 843 2183 1013 2235; x_wconf 88' lang='lat' dir='ltr'><strong>eruut</strong></span> <span class='ocrx_word' id='word_1_99' title='bbox 1064 2174 1208 2232; x_wconf 91' lang='lat' dir='ltr'><strong>mihi</strong></span> <span class='ocrx_word' id='word_1_100' title='bbox 1274 2175 1530 2253; x_wconf 89' lang='lat' dir='ltr'><strong>populus.</strong></span> 
     </span>
     <span class='ocr_line' id='line_1_24' title="bbox 329 2253 1533 2331; baseline -0.001 -18"><span class='ocrx_word' id='word_1_101' title='bbox 329 2254 576 2331; x_wconf 81' lang='lat' dir='ltr'><strong>Propter</strong></span> <span class='ocrx_word' id='word_1_102' title='bbox 618 2254 767 2331; x_wconf 91' lang='lat' dir='ltr'><strong>quod</strong></span> <span class='ocrx_word' id='word_1_103' title='bbox 806 2254 961 2311; x_wconf 88' lang='lat' dir='ltr'><strong>exite</strong></span> <span class='ocrx_word' id='word_1_104' title='bbox 1000 2253 1073 2312; x_wconf 90' lang='lat' dir='ltr'><strong>de</strong></span> <span class='ocrx_word' id='word_1_105' title='bbox 1113 2253 1301 2311; x_wconf 87' lang='lat' dir='ltr'><strong>medio</strong></span> <span class='ocrx_word' id='word_1_106' title='bbox 1337 2273 1533 2312; x_wconf 85' lang='lat' dir='ltr'><strong>eorum</strong></span> 
     </span>
     <span class='ocr_line' id='line_1_25' title="bbox 331 2330 1536 2410; baseline -0.002 -18"><span class='ocrx_word' id='word_1_107' title='bbox 331 2341 394 2392; x_wconf 88' lang='lat' dir='ltr'><strong>et</strong></span> <span class='ocrx_word' id='word_1_108' title='bbox 419 2331 779 2409; x_wconf 81' lang='lat' dir='ltr'><strong>separamini,</strong></span> <span class='ocrx_word' id='word_1_109' title='bbox 806 2330 945 2389; x_wconf 85' lang='lat' dir='ltr'><strong>dicit</strong></span> <span class='ocrx_word' id='word_1_110' title='bbox 972 2330 1271 2402; x_wconf 88' lang='lat' dir='ltr'><strong>Dominus,</strong></span> <span class='ocrx_word' id='word_1_111' title='bbox 1299 2351 1398 2390; x_wconf 89' lang='lat' dir='ltr'><strong>vos</strong></span> <span class='ocrx_word' id='word_1_112' title='bbox 1435 2331 1536 2410; x_wconf 91' lang='lat' dir='ltr'><strong>qui</strong></span> 
     </span>
     <span class='ocr_line' id='line_1_26' title="bbox 332 2407 1534 2489; baseline -0.001 -21"><span class='ocrx_word' id='word_1_113' title='bbox 332 2409 571 2489; x_wconf 85' lang='lat' dir='ltr'><strong>portatis</strong></span> <span class='ocrx_word' id='word_1_114' title='bbox 616 2428 745 2466; x_wconf 88' lang='lat' dir='ltr'><strong>vasa</strong></span> <span class='ocrx_word' id='word_1_115' title='bbox 785 2407 1036 2481; x_wconf 90' lang='lat' dir='ltr'><strong>Domini,</strong></span> <span class='ocrx_word' id='word_1_116' title='bbox 1077 2415 1138 2467; x_wconf 93' lang='lat' dir='ltr'><strong>et</strong></span> <span class='ocrx_word' id='word_1_117' title='bbox 1176 2408 1534 2468; x_wconf 88' lang='lat' dir='ltr'><strong>immundum</strong></span> 
     </span>
     <span class='ocr_line' id='line_1_27' title="bbox 333 2486 1533 2568; baseline 0.001 -23"><span class='ocrx_word' id='word_1_118' title='bbox 333 2508 410 2547; x_wconf 89' lang='lat' dir='ltr'><strong>ne</strong></span> <span class='ocrx_word' id='word_1_119' title='bbox 451 2486 791 2564; x_wconf 78' lang='lat' dir='ltr'><strong>tetigeritis:</strong></span> <span class='ocrx_word' id='word_1_120' title='bbox 847 2496 908 2547; x_wconf 91' lang='lat' dir='ltr'><strong>et</strong></span> <span class='ocrx_word' id='word_1_121' title='bbox 948 2506 1053 2566; x_wconf 86' lang='lat' dir='ltr'><strong>ego</strong></span> <span class='ocrx_word' id='word_1_122' title='bbox 1092 2487 1363 2568; x_wconf 84' lang='lat' dir='ltr'><strong>recipiam</strong></span> <span class='ocrx_word' id='word_1_123' title='bbox 1403 2508 1533 2547; x_wconf 86' lang='lat' dir='ltr'><strong>vos:</strong></span> 
     </span>
     <span class='ocr_line' id='line_1_28' title="bbox 336 2563 1538 2643; baseline 0 -18"><span class='ocrx_word' id='word_1_124' title='bbox 336 2573 396 2626; x_wconf 88' lang='lat' dir='ltr'><strong>et</strong></span> <span class='ocrx_word' id='word_1_125' title='bbox 435 2585 534 2624; x_wconf 93' lang='lat' dir='ltr'><strong>ero</strong></span> <span class='ocrx_word' id='word_1_126' title='bbox 559 2563 716 2622; x_wconf 90' lang='lat' dir='ltr'><strong>vobis</strong></span> <span class='ocrx_word' id='word_1_127' title='bbox 757 2564 816 2621; x_wconf 90' lang='lat' dir='ltr'><strong>in</strong></span> <span class='ocrx_word' id='word_1_128' title='bbox 858 2572 1100 2643; x_wconf 87' lang='lat' dir='ltr'><strong>patrem,</strong></span> <span class='ocrx_word' id='word_1_129' title='bbox 1139 2574 1201 2624; x_wconf 87' lang='lat' dir='ltr'><strong>et</strong></span> <span class='ocrx_word' id='word_1_130' title='bbox 1240 2586 1337 2624; x_wconf 90' lang='lat' dir='ltr'><strong>vos</strong></span> <span class='ocrx_word' id='word_1_131' title='bbox 1378 2567 1538 2625; x_wconf 85' lang='lat' dir='ltr'><strong>eritis</strong></span> 
     </span>
     <span class='ocr_line' id='line_1_29' title="bbox 336 2642 1541 2716; baseline 0 -13"><span class='ocrx_word' id='word_1_132' title='bbox 336 2644 482 2703; x_wconf 90' lang='lat' dir='ltr'><strong>mihi</strong></span> <span class='ocrx_word' id='word_1_133' title='bbox 521 2643 580 2700; x_wconf 90' lang='lat' dir='ltr'><strong>in</strong></span> <span class='ocrx_word' id='word_1_134' title='bbox 609 2642 756 2702; x_wconf 89' lang='lat' dir='ltr'><strong>filios</strong></span> <span class='ocrx_word' id='word_1_135' title='bbox 791 2652 851 2703; x_wconf 89' lang='lat' dir='ltr'><strong>et</strong></span> <span class='ocrx_word' id='word_1_136' title='bbox 892 2643 1057 2716; x_wconf 89' lang='lat' dir='ltr'><strong>filias,</strong></span> <span class='ocrx_word' id='word_1_137' title='bbox 1084 2643 1222 2702; x_wconf 89' lang='lat' dir='ltr'><strong>dicit</strong></span> <span class='ocrx_word' id='word_1_138' title='bbox 1257 2643 1541 2704; x_wconf 85' lang='lat' dir='ltr'><strong>Dominus</strong></span> 
     </span>
     <span class='ocr_line' id='line_1_30' title="bbox 338 2721 1541 2802; baseline 0.001 -21"><span class='ocrx_word' id='word_1_139' title='bbox 338 2722 715 2802; x_wconf 90' lang='lat' dir='ltr'><strong>omnipotens.</strong></span> <span class='ocrx_word' id='word_1_140' title='bbox 790 2734 815 2764; x_wconf 66' lang='grc' dir='ltr'><strong>Θ</strong></span> <span class='ocrx_word' id='word_1_141' title='bbox 834 2721 954 2780; x_wconf 89' lang='lat' dir='ltr'><strong>Has</strong></span> <span class='ocrx_word' id='word_1_142' title='bbox 982 2741 1119 2800; x_wconf 87' lang='lat' dir='ltr'><strong>ergo</strong></span> <span class='ocrx_word' id='word_1_143' title='bbox 1145 2722 1541 2801; x_wconf 85' lang='lat' dir='ltr'><strong>promissiones</strong></span> 
     </span>
     <span class='ocr_line' id='line_1_31' title="bbox 337 2799 1541 2873; baseline -0.001 -13"><span class='ocrx_word' id='word_1_144' title='bbox 337 2801 633 2872; x_wconf 76' lang='lat' dir='ltr'><strong>habenteS,</strong></span> <span class='ocrx_word' id='word_1_145' title='bbox 658 2799 946 2873; x_wconf 86' lang='lat' dir='ltr'><strong>carissimi,</strong></span> <span class='ocrx_word' id='word_1_146' title='bbox 974 2800 1314 2860; x_wconf 91' lang='lat' dir='ltr'><strong>mundemus</strong></span> <span class='ocrx_word' id='word_1_147' title='bbox 1340 2820 1442 2859; x_wconf 92' lang='lat' dir='ltr'><strong>nos</strong></span> <span class='ocrx_word' id='word_1_148' title='bbox 1468 2803 1541 2859; x_wconf 92' lang='lat' dir='ltr'><strong>ab</strong></span> 
     </span>
     <span class='ocr_line' id='line_1_32' title="bbox 342 2878 1543 2957; baseline -0.001 -19"><span class='ocrx_word' id='word_1_149' title='bbox 342 2879 497 2938; x_wconf 88' lang='lat' dir='ltr'><strong>omni</strong></span> <span class='ocrx_word' id='word_1_150' title='bbox 533 2879 962 2956; x_wconf 89' lang='lat' dir='ltr'><strong>inquinamento</strong></span> <span class='ocrx_word' id='word_1_151' title='bbox 987 2878 1171 2937; x_wconf 89' lang='lat' dir='ltr'><strong>carnis</strong></span> <span class='ocrx_word' id='word_1_152' title='bbox 1196 2887 1256 2939; x_wconf 84' lang='lat' dir='ltr'><strong>et</strong></span> <span class='ocrx_word' id='word_1_153' title='bbox 1291 2878 1543 2957; x_wconf 87' lang='lat' dir='ltr'><strong>spiritus,</strong></span> 
     </span>
     <span class='ocr_line' id='line_1_33' title="bbox 341 2956 1546 3094; baseline 0.001 -79"><span class='ocrx_word' id='word_1_154' title='bbox 341 2957 702 3094; x_wconf 57' lang='lat' dir='ltr'><strong>ffificientes</strong></span> <span class='ocrx_word' id='word_1_155' title='bbox 721 2956 1227 3016; x_wconf 82' lang='lat' dir='ltr'><strong>sanctificationem</strong></span> <span class='ocrx_word' id='word_1_156' title='bbox 1255 2956 1316 3014; x_wconf 89' lang='lat' dir='ltr'><strong>in</strong></span> <span class='ocrx_word' id='word_1_157' title='bbox 1337 2957 1546 3016; x_wconf 91' lang='lat' dir='ltr'><strong>timore</strong></span> 
     </span>
    </p>

    <p class='ocr_par' dir='ltr' id='par_1_9' title="bbox 435 3056 473 3094">
     <span class='ocr_line' id='line_1_34' title="bbox 435 3056 473 3094; baseline 0.026 -1"><span class='ocrx_word' id='word_1_158' title='bbox 435 3056 473 3094; x_wconf 85' lang='lat'><strong>1.</strong></span> 
     </span>
    </p>
   </div>
   <div class='ocr_carea' id='block_1_7' title="bbox 1840 201 2803 271">
    <p class='ocr_par' dir='ltr' id='par_1_10' title="bbox 1840 201 2803 271">
     <span class='ocr_line' id='line_1_35' title="bbox 1840 201 2803 271; baseline -0.007 0"><span class='ocrx_word' id='word_1_159' title='bbox 1840 218 2011 271; x_wconf 70' lang='lat' dir='ltr'><strong>non.</strong></span> <span class='ocrx_word' id='word_1_160' title='bbox 2048 219 2169 270; x_wconf 88' lang='lat' dir='ltr'><strong>xv.</strong></span> <span class='ocrx_word' id='word_1_161' title='bbox 2206 220 2377 271; x_wconf 73' lang='lat' dir='ltr'><strong>Pos&#39;r</strong></span> <span class='ocrx_word' id='word_1_162' title='bbox 2411 218 2610 270; x_wconf 72' lang='lat' dir='ltr'><strong>Tum.</strong></span> <span class='ocrx_word' id='word_1_163' title='bbox 2682 201 2803 267; x_wconf 81' lang='lat'><strong>504</strong></span> 
     </span>
    </p>
   </div>
   <div class='ocr_carea' id='block_1_8' title="bbox 1610 375 2809 768">
    <p class='ocr_par' dir='ltr' id='par_1_11' title="bbox 1688 375 2752 452">
     <span class='ocr_line' id='line_1_36' title="bbox 1688 375 2752 452; baseline -0.003 -17"><span class='ocrx_word' id='word_1_164' title='bbox 1688 376 2068 452; x_wconf 76' lang='lat' dir='ltr'><strong>Evanqelium</strong></span> <span class='ocrx_word' id='word_1_165' title='bbox 2091 398 2110 433; x_wconf 94' lang='grc'><strong>.·</strong></span> <span class='ocrx_word' id='word_1_166' title='bbox 2140 376 2465 437; x_wconf 76' lang='lat' dir='ltr'><strong>Secundum</strong></span> <span class='ocrx_word' id='word_1_167' title='bbox 2493 375 2752 434; x_wconf 65' lang='lat' dir='ltr'><strong>Lucam.¹</strong></span> 
     </span>
    </p>

    <p class='ocr_par' dir='ltr' id='par_1_12' title="bbox 1610 454 2809 768">
     <span class='ocr_line' id='line_1_37' title="bbox 1689 454 2806 533; baseline -0.004 -20"><span class='ocrx_word' id='word_1_168' title='bbox 1689 454 1763 513; x_wconf 91' lang='lat' dir='ltr'><strong>In</strong></span> <span class='ocrx_word' id='word_1_169' title='bbox 1790 454 1888 514; x_wconf 92' lang='lat' dir='ltr'><strong>illo</strong></span> <span class='ocrx_word' id='word_1_170' title='bbox 1912 463 2192 533; x_wconf 88' lang='lat' dir='ltr'><strong>tempore,</strong></span> <span class='ocrx_word' id='word_1_171' title='bbox 2224 455 2332 514; x_wconf 90' lang='lat' dir='ltr'><strong>Ait</strong></span> <span class='ocrx_word' id='word_1_172' title='bbox 2357 456 2431 512; x_wconf 89' lang='lat' dir='ltr'><strong>ad</strong></span> <span class='ocrx_word' id='word_1_173' title='bbox 2458 455 2502 514; x_wconf 90' lang='lat' dir='ltr'><strong>J</strong></span> <span class='ocrx_word' id='word_1_174' title='bbox 2505 475 2667 515; x_wconf 89' lang='lat' dir='ltr'><strong>esum</strong></span> <span class='ocrx_word' id='word_1_175' title='bbox 2693 454 2806 530; x_wconf 89' lang='lat' dir='ltr'><strong>qui-</strong></span> 
     </span>
     <span class='ocr_line' id='line_1_38' title="bbox 1610 530 2808 612; baseline -0.003 -20"><span class='ocrx_word' id='word_1_176' title='bbox 1610 534 1743 592; x_wconf 87' lang='lat' dir='ltr'><strong>dam</strong></span> <span class='ocrx_word' id='word_1_177' title='bbox 1787 532 1861 592; x_wconf 92' lang='lat' dir='ltr'><strong>de</strong></span> <span class='ocrx_word' id='word_1_178' title='bbox 1903 534 2112 605; x_wconf 84' lang='lat' dir='ltr'><strong>turba3</strong></span> <span class='ocrx_word' id='word_1_179' title='bbox 2167 534 2469 612; x_wconf 81' lang='lat' dir='ltr'><strong>Magister,</strong></span> <span class='ocrx_word' id='word_1_180' title='bbox 2515 535 2610 592; x_wconf 90' lang='lat' dir='ltr'><strong>dic</strong></span> <span class='ocrx_word' id='word_1_181' title='bbox 2656 530 2808 589; x_wconf 69' lang='lat' dir='ltr'><strong>tratri</strong></span> 
     </span>
     <span class='ocr_line' id='line_1_39' title="bbox 1612 611 2806 671; baseline -0.003 -1"><span class='ocrx_word' id='word_1_182' title='bbox 1612 631 1743 671; x_wconf 90' lang='lat' dir='ltr'><strong>meo</strong></span> <span class='ocrx_word' id='word_1_183' title='bbox 1781 619 1849 670; x_wconf 91' lang='lat' dir='ltr'><strong>ut</strong></span> <span class='ocrx_word' id='word_1_184' title='bbox 1885 611 2105 670; x_wconf 87' lang='lat' dir='ltr'><strong>dividat</strong></span> <span class='ocrx_word' id='word_1_185' title='bbox 2149 631 2371 670; x_wconf 85' lang='lat' dir='ltr'><strong>mecum</strong></span> <span class='ocrx_word' id='word_1_186' title='bbox 2417 611 2806 671; x_wconf 87' lang='lat' dir='ltr'><strong>hereditatem.</strong></span> 
     </span>
     <span class='ocr_line' id='line_1_40' title="bbox 1612 687 2809 768; baseline -0.003 -19"><span class='ocrx_word' id='word_1_187' title='bbox 1612 691 1699 749; x_wconf 91' lang='lat' dir='ltr'><strong>At</strong></span> <span class='ocrx_word' id='word_1_188' title='bbox 1736 687 1833 748; x_wconf 91' lang='lat' dir='ltr'><strong>ille</strong></span> <span class='ocrx_word' id='word_1_189' title='bbox 1868 690 2022 749; x_wconf 87' lang='lat' dir='ltr'><strong>dixit</strong></span> <span class='ocrx_word' id='word_1_190' title='bbox 2046 690 2100 749; x_wconf 92' lang='lat' dir='ltr'><strong>ei</strong></span> <span class='ocrx_word' id='word_1_191' title='bbox 2115 711 2134 762; x_wconf 84' lang='lat'>3</span> <span class='ocrx_word' id='word_1_192' title='bbox 2177 690 2390 762; x_wconf 88' lang='lat' dir='ltr'><strong>Homo,</strong></span> <span class='ocrx_word' id='word_1_193' title='bbox 2417 691 2546 768; x_wconf 89' lang='lat' dir='ltr'><strong>quis</strong></span> <span class='ocrx_word' id='word_1_194' title='bbox 2573 709 2668 748; x_wconf 88' lang='lat' dir='ltr'><strong>me</strong></span> <span class='ocrx_word' id='word_1_195' title='bbox 2693 708 2809 747; x_wconf 89' lang='lat' dir='ltr'><strong>con-</strong></span> 
     </span>
    </p>
   </div>
   <div class='ocr_carea' id='block_1_9' title="bbox 1566 768 2813 845">
    <p class='ocr_par' dir='ltr' id='par_1_13' title="bbox 1566 768 2813 845">
     <span class='ocr_line' id='line_1_41' title="bbox 1566 768 2813 845; baseline -0.004 -17"><span class='ocrx_word' id='word_1_196' title='bbox 1566 801 1591 821; x_wconf 84' lang='lat'><strong>·</strong></span> <span class='ocrx_word' id='word_1_197' title='bbox 1614 768 1804 828; x_wconf 88' lang='lat' dir='ltr'><strong>stituit</strong></span> <span class='ocrx_word' id='word_1_198' title='bbox 1849 769 2088 826; x_wconf 87' lang='lat' dir='ltr'><strong>&#39;udicem</strong></span> <span class='ocrx_word' id='word_1_199' title='bbox 2141 777 2241 825; x_wconf 87' lang='lat' dir='ltr'><strong>aut</strong></span> <span class='ocrx_word' id='word_1_200' title='bbox 2291 768 2603 827; x_wconf 86' lang='lat' dir='ltr'><strong>divisorem</strong></span> <span class='ocrx_word' id='word_1_201' title='bbox 2657 786 2813 845; x_wconf 81' lang='lat' dir='ltr'><strong>supra</strong></span> 
     </span>
    </p>
   </div>
   <div class='ocr_carea' id='block_1_10' title="bbox 1617 845 2836 2266">
    <p class='ocr_par' dir='ltr' id='par_1_14' title="bbox 1617 845 2836 2266">
     <span class='ocr_line' id='line_1_42' title="bbox 1617 845 2814 923; baseline -0.003 -18"><span class='ocrx_word' id='word_1_202' title='bbox 1617 848 1763 906; x_wconf 64' lang='lat' dir='ltr'><strong>vos?</strong></span> <span class='ocrx_word' id='word_1_203' title='bbox 1908 846 2128 923; x_wconf 86' lang='lat' dir='ltr'><strong>ixitque</strong></span> <span class='ocrx_word' id='word_1_204' title='bbox 2174 846 2247 904; x_wconf 89' lang='lat' dir='ltr'><strong>ad</strong></span> <span class='ocrx_word' id='word_1_205' title='bbox 2286 846 2449 919; x_wconf 84' lang='lat' dir='ltr'><strong>illos3</strong></span> <span class='ocrx_word' id='word_1_206' title='bbox 2508 845 2727 905; x_wconf 88' lang='lat' dir='ltr'><strong>Videte</strong></span> <span class='ocrx_word' id='word_1_207' title='bbox 2763 852 2814 902; x_wconf 84' lang='lat' dir='ltr'><strong>et</strong></span> 
     </span>
     <span class='ocr_line' id='line_1_43' title="bbox 1618 922 2812 1002; baseline -0.005 -18"><span class='ocrx_word' id='word_1_208' title='bbox 1618 933 1812 984; x_wconf 85' lang='lat' dir='ltr'><strong>cavete</strong></span> <span class='ocrx_word' id='word_1_209' title='bbox 1838 926 1909 983; x_wconf 85' lang='lat' dir='ltr'><strong>ab</strong></span> <span class='ocrx_word' id='word_1_210' title='bbox 1949 924 2106 982; x_wconf 92' lang='lat' dir='ltr'><strong>omni</strong></span> <span class='ocrx_word' id='word_1_211' title='bbox 2131 924 2405 983; x_wconf 87' lang='lat' dir='ltr'><strong>avaritia:</strong></span> <span class='ocrx_word' id='word_1_212' title='bbox 2462 925 2601 1002; x_wconf 89' lang='lat' dir='ltr'><strong>quia</strong></span> <span class='ocrx_word' id='word_1_213' title='bbox 2627 942 2737 981; x_wconf 91' lang='lat' dir='ltr'><strong>non</strong></span> <span class='ocrx_word' id='word_1_214' title='bbox 2761 922 2812 978; x_wconf 90' lang='lat' dir='ltr'><strong>in</strong></span> 
     </span>
     <span class='ocr_line' id='line_1_44' title="bbox 1620 1002 2815 1081; baseline -0.003 -19"><span class='ocrx_word' id='word_1_215' title='bbox 1620 1002 1973 1062; x_wconf 85' lang='lat' dir='ltr'><strong>abundantia</strong></span> <span class='ocrx_word' id='word_1_216' title='bbox 2009 1003 2339 1081; x_wconf 85' lang='lat' dir='ltr'><strong>cujusquam</strong></span> <span class='ocrx_word' id='word_1_217' title='bbox 2384 1003 2507 1061; x_wconf 83' lang='lat' dir='ltr'><strong>vita</strong></span> <span class='ocrx_word' id='word_1_218' title='bbox 2562 1003 2684 1080; x_wconf 88' lang='lat' dir='ltr'><strong>ejus</strong></span> <span class='ocrx_word' id='word_1_219' title='bbox 2723 1008 2815 1073; x_wconf 83' lang='lat' dir='ltr'><strong>est,</strong></span> 
     </span>
     <span class='ocr_line' id='line_1_45' title="bbox 1623 1080 2815 1159; baseline -0.006 -17"><span class='ocrx_word' id='word_1_220' title='bbox 1623 1102 1699 1142; x_wconf 88' lang='lat' dir='ltr'><strong>ex</strong></span> <span class='ocrx_word' id='word_1_221' title='bbox 1746 1081 1837 1140; x_wconf 90' lang='lat' dir='ltr'><strong>his</strong></span> <span class='ocrx_word' id='word_1_222' title='bbox 1882 1100 2011 1158; x_wconf 78' lang='lat' dir='ltr'><strong>quae</strong></span> <span class='ocrx_word' id='word_1_223' title='bbox 2055 1080 2322 1159; x_wconf 87' lang='lat' dir='ltr'><strong>possidet.</strong></span> <span class='ocrx_word' id='word_1_224' title='bbox 2426 1081 2599 1139; x_wconf 85' lang='lat' dir='ltr'><strong>Dixit</strong></span> <span class='ocrx_word' id='word_1_225' title='bbox 2640 1088 2815 1138; x_wconf 88' lang='lat' dir='ltr'><strong>autem</strong></span> 
     </span>
     <span class='ocr_line' id='line_1_46' title="bbox 1623 1157 2818 1230; baseline -0.005 -10"><span class='ocrx_word' id='word_1_226' title='bbox 1623 1158 2053 1220; x_wconf 87' lang='lat' dir='ltr'><strong>similitudinem</strong></span> <span class='ocrx_word' id='word_1_227' title='bbox 2074 1158 2148 1216; x_wconf 83' lang='lat' dir='ltr'><strong>ad</strong></span> <span class='ocrx_word' id='word_1_228' title='bbox 2168 1157 2414 1230; x_wconf 55' lang='lat' dir='ltr'><strong>sinumss</strong></span> <span class='ocrx_word' id='word_1_229' title='bbox 2440 1160 2668 1230; x_wconf 88' lang='lat' dir='ltr'><strong>dicens;</strong></span> <span class='ocrx_word' id='word_1_230' title='bbox 2709 1157 2818 1215; x_wconf 87' lang='lat' dir='ltr'><strong>Ho-</strong></span> 
     </span>
     <span class='ocr_line' id='line_1_47' title="bbox 1626 1236 2821 1315; baseline -0.003 -19"><span class='ocrx_word' id='word_1_231' title='bbox 1626 1237 1798 1296; x_wconf 89' lang='lat' dir='ltr'><strong>minis</strong></span> <span class='ocrx_word' id='word_1_232' title='bbox 1825 1237 2117 1315; x_wconf 86' lang='lat' dir='ltr'><strong>cujusdam</strong></span> <span class='ocrx_word' id='word_1_233' title='bbox 2158 1236 2353 1296; x_wconf 91' lang='lat' dir='ltr'><strong>divitis</strong></span> <span class='ocrx_word' id='word_1_234' title='bbox 2388 1239 2599 1297; x_wconf 86' lang='lat' dir='ltr'><strong>uberes</strong></span> <span class='ocrx_word' id='word_1_235' title='bbox 2624 1236 2821 1294; x_wconf 85' lang='lat' dir='ltr'><strong>fructus</strong></span> 
     </span>
     <span class='ocr_line' id='line_1_48' title="bbox 1626 1312 2822 1394; baseline -0.003 -20"><span class='ocrx_word' id='word_1_236' title='bbox 1626 1335 1763 1394; x_wconf 86' lang='lat' dir='ltr'><strong>ager</strong></span> <span class='ocrx_word' id='word_1_237' title='bbox 1786 1315 1983 1374; x_wconf 88' lang='lat' dir='ltr'><strong>attulit</strong></span> <span class='ocrx_word' id='word_1_238' title='bbox 2006 1338 2021 1375; x_wconf 71' lang='grc' dir='ltr'>ε</span> <span class='ocrx_word' id='word_1_239' title='bbox 2064 1323 2123 1374; x_wconf 94' lang='lat' dir='ltr'><strong>et</strong></span> <span class='ocrx_word' id='word_1_240' title='bbox 2149 1314 2435 1394; x_wconf 83' lang='lat' dir='ltr'><strong>cogitabat</strong></span> <span class='ocrx_word' id='word_1_241' title='bbox 2475 1315 2636 1374; x_wconf 85' lang='lat' dir='ltr'><strong>intra</strong></span> <span class='ocrx_word' id='word_1_242' title='bbox 2668 1334 2727 1372; x_wconf 91' lang='lat' dir='ltr'><strong>se</strong></span> <span class='ocrx_word' id='word_1_243' title='bbox 2750 1312 2822 1370; x_wconf 89' lang='lat' dir='ltr'><strong>di·</strong></span> 
     </span>
     <span class='ocr_line' id='line_1_49' title="bbox 1628 1385 2823 1470; baseline -0.003 -16"><span class='ocrx_word' id='word_1_244' title='bbox 1628 1413 1795 1455; x_wconf 88' lang='lat' dir='ltr'><strong>cens:</strong></span> <span class='ocrx_word' id='word_1_245' title='bbox 1836 1394 1992 1462; x_wconf 82' lang='lat' dir='ltr'><strong>Quid</strong></span> <span class='ocrx_word' id='word_1_246' title='bbox 2017 1391 2235 1464; x_wconf 84' lang='lat' dir='ltr'><strong>faciam,</strong></span> <span class='ocrx_word' id='word_1_247' title='bbox 2266 1394 2417 1470; x_wconf 91' lang='lat' dir='ltr'><strong>quod</strong></span> <span class='ocrx_word' id='word_1_248' title='bbox 2439 1413 2558 1452; x_wconf 91' lang='lat' dir='ltr'><strong>non</strong></span> <span class='ocrx_word' id='word_1_249' title='bbox 2578 1385 2823 1451; x_wconf 70' lang='lat' dir='ltr'><strong>llhabeo¹¹</strong></span> 
     </span>
     <span class='ocr_line' id='line_1_50' title="bbox 1670 1469 2825 1550; baseline -0.001 -21"><span class='ocrx_word' id='word_1_250' title='bbox 1670 1491 1743 1530; x_wconf 91' lang='lat' dir='ltr'><strong>uo</strong></span> <span class='ocrx_word' id='word_1_251' title='bbox 1794 1492 1899 1531; x_wconf 90' lang='lat' dir='ltr'><strong>con</strong></span> <span class='ocrx_word' id='word_1_252' title='bbox 1972 1492 2135 1550; x_wconf 84' lang='lat' dir='ltr'><strong>egem</strong></span> <span class='ocrx_word' id='word_1_253' title='bbox 2188 1470 2402 1531; x_wconf 85' lang='lat' dir='ltr'><strong>fructus</strong></span> <span class='ocrx_word' id='word_1_254' title='bbox 2458 1472 2667 1532; x_wconf 65' lang='lat' dir='ltr'><strong>meos?</strong></span> <span class='ocrx_word' id='word_1_255' title='bbox 2756 1469 2825 1529; x_wconf 79' lang='lat' dir='ltr'><strong>Et</strong></span> 
     </span>
     <span class='ocr_line' id='line_1_51' title="bbox 1629 1492 2827 1610; baseline -0.003 -1"><span class='ocrx_word' id='word_1_256' title='bbox 1629 1492 1820 1610; x_wconf 64' lang='lat' dir='ltr'><strong>dixit:</strong></span> <span class='ocrx_word' id='word_1_257' title='bbox 1925 1570 1989 1610; x_wconf 88' lang='lat' dir='ltr'><strong>oc</strong></span> <span class='ocrx_word' id='word_1_258' title='bbox 2021 1548 2258 1610; x_wconf 73' lang='lat' dir='ltr'><strong>faniam:</strong></span> <span class='ocrx_word' id='word_1_259' title='bbox 2292 1551 2605 1610; x_wconf 77' lang='lat' dir='ltr'><strong>destruam</strong></span> <span class='ocrx_word' id='word_1_260' title='bbox 2638 1549 2827 1607; x_wconf 76' lang='lat' dir='ltr'><strong>horres</strong></span> 
     </span>
     <span class='ocr_line' id='line_1_52' title="bbox 1634 1627 2828 1706; baseline -0.001 -21"><span class='ocrx_word' id='word_1_261' title='bbox 1634 1647 1781 1700; x_wconf 86' lang='lat' dir='ltr'><strong>mea,</strong></span> <span class='ocrx_word' id='word_1_262' title='bbox 1803 1637 1865 1688; x_wconf 93' lang='lat' dir='ltr'><strong>et</strong></span> <span class='ocrx_word' id='word_1_263' title='bbox 1890 1628 2106 1706; x_wconf 83' lang='lat' dir='ltr'><strong>majora</strong></span> <span class='ocrx_word' id='word_1_264' title='bbox 2128 1627 2351 1700; x_wconf 86' lang='lat' dir='ltr'><strong>faciam,</strong></span> <span class='ocrx_word' id='word_1_265' title='bbox 2372 1636 2435 1689; x_wconf 86' lang='lat' dir='ltr'><strong>et</strong></span> <span class='ocrx_word' id='word_1_266' title='bbox 2453 1629 2591 1688; x_wconf 91' lang='lat' dir='ltr'><strong>illuc</strong></span> <span class='ocrx_word' id='word_1_267' title='bbox 2608 1646 2828 1705; x_wconf 80' lang='lat' dir='ltr'><strong>congre-</strong></span> 
     </span>
     <span class='ocr_line' id='line_1_53' title="bbox 1634 1705 2830 1784; baseline -0.003 -19"><span class='ocrx_word' id='word_1_268' title='bbox 1634 1708 1781 1784; x_wconf 84' lang='lat' dir='ltr'><strong>gabo</strong></span> <span class='ocrx_word' id='word_1_269' title='bbox 1822 1707 2016 1765; x_wconf 90' lang='lat' dir='ltr'><strong>omnia</strong></span> <span class='ocrx_word' id='word_1_270' title='bbox 2054 1726 2181 1784; x_wconf 80' lang='lat' dir='ltr'><strong>quse</strong></span> <span class='ocrx_word' id='word_1_271' title='bbox 2223 1717 2362 1765; x_wconf 84' lang='lat' dir='ltr'><strong>nata</strong></span> <span class='ocrx_word' id='word_1_272' title='bbox 2401 1716 2541 1766; x_wconf 87' lang='lat' dir='ltr'><strong>sunt</strong></span> <span class='ocrx_word' id='word_1_273' title='bbox 2582 1705 2742 1776; x_wconf 91' lang='lat' dir='ltr'><strong>mihi,</strong></span> <span class='ocrx_word' id='word_1_274' title='bbox 2780 1710 2830 1762; x_wconf 86' lang='lat' dir='ltr'><strong>et</strong></span> 
     </span>
     <span class='ocr_line' id='line_1_54' title="bbox 1637 1784 2828 1856; baseline -0.002 -13"><span class='ocrx_word' id='word_1_275' title='bbox 1637 1787 1787 1843; x_wconf 87' lang='lat' dir='ltr'><strong>bona</strong></span> <span class='ocrx_word' id='word_1_276' title='bbox 1837 1804 1985 1856; x_wconf 83' lang='lat' dir='ltr'><strong>mea,</strong></span> <span class='ocrx_word' id='word_1_277' title='bbox 2033 1793 2096 1844; x_wconf 89' lang='lat' dir='ltr'><strong>et</strong></span> <span class='ocrx_word' id='word_1_278' title='bbox 2144 1784 2330 1843; x_wconf 83' lang='lat' dir='ltr'><strong>dicam</strong></span> <span class='ocrx_word' id='word_1_279' title='bbox 2383 1787 2598 1845; x_wconf 79' lang='lat' dir='ltr'><strong>animae</strong></span> <span class='ocrx_word' id='word_1_280' title='bbox 2654 1803 2828 1842; x_wconf 79' lang='lat' dir='ltr'><strong>meae:</strong></span> 
     </span>
     <span class='ocr_line' id='line_1_55' title="bbox 1640 1862 2830 1942; baseline -0.003 -21"><span class='ocrx_word' id='word_1_281' title='bbox 1640 1863 1879 1935; x_wconf 85' lang='lat' dir='ltr'><strong>Anima,</strong></span> <span class='ocrx_word' id='word_1_282' title='bbox 1924 1863 2098 1922; x_wconf 85' lang='lat' dir='ltr'><strong>habes</strong></span> <span class='ocrx_word' id='word_1_283' title='bbox 2141 1864 2323 1922; x_wconf 81' lang='lat' dir='ltr'><strong>multa</strong></span> <span class='ocrx_word' id='word_1_284' title='bbox 2364 1866 2515 1923; x_wconf 87' lang='lat' dir='ltr'><strong>bona</strong></span> <span class='ocrx_word' id='word_1_285' title='bbox 2559 1863 2742 1942; x_wconf 86' lang='lat' dir='ltr'><strong>posita</strong></span> <span class='ocrx_word' id='word_1_286' title='bbox 2777 1862 2830 1917; x_wconf 91' lang='lat' dir='ltr'><strong>in</strong></span> 
     </span>
     <span class='ocr_line' id='line_1_56' title="bbox 1638 1939 2832 2020; baseline -0.002 -21"><span class='ocrx_word' id='word_1_287' title='bbox 1638 1960 1816 2000; x_wconf 87' lang='lat' dir='ltr'><strong>annos</strong></span> <span class='ocrx_word' id='word_1_288' title='bbox 1868 1939 2179 2020; x_wconf 85' lang='lat' dir='ltr'><strong>plurimos:</strong></span> <span class='ocrx_word' id='word_1_289' title='bbox 2239 1942 2550 2020; x_wconf 87' lang='lat' dir='ltr'><strong>requiesce,</strong></span> <span class='ocrx_word' id='word_1_290' title='bbox 2597 1940 2832 2007; x_wconf 91' lang='lat' dir='ltr'><strong>comede,</strong></span> 
     </span>
     <span class='ocr_line' id='line_1_57' title="bbox 1642 2016 2833 2098; baseline -0.003 -20"><span class='ocrx_word' id='word_1_291' title='bbox 1642 2020 1791 2090; x_wconf 90' lang='lat' dir='ltr'><strong>bibe,</strong></span> <span class='ocrx_word' id='word_1_292' title='bbox 1844 2027 1906 2079; x_wconf 88' lang='lat' dir='ltr'><strong>et</strong></span> <span class='ocrx_word' id='word_1_293' title='bbox 1957 2019 2204 2098; x_wconf 84' lang='lat' dir='ltr'><strong>epulare.</strong></span> <span class='ocrx_word' id='word_1_294' title='bbox 2305 2022 2471 2079; x_wconf 86' lang='lat' dir='ltr'><strong>Dixit</strong></span> <span class='ocrx_word' id='word_1_295' title='bbox 2515 2029 2712 2078; x_wconf 85' lang='lat' dir='ltr'><strong>autem</strong></span> <span class='ocrx_word' id='word_1_296' title='bbox 2760 2016 2833 2075; x_wconf 88' lang='lat' dir='ltr'><strong>illi</strong></span> 
     </span>
     <span class='ocr_line' id='line_1_58' title="bbox 1644 2096 2835 2170; baseline -0.002 -14"><span class='ocrx_word' id='word_1_297' title='bbox 1644 2097 1826 2156; x_wconf 86' lang='lat' dir='ltr'><strong>Deus:</strong></span> <span class='ocrx_word' id='word_1_298' title='bbox 1870 2097 2078 2170; x_wconf 84' lang='lat' dir='ltr'><strong>Stulte,</strong></span> <span class='ocrx_word' id='word_1_299' title='bbox 2098 2096 2205 2156; x_wconf 88' lang='lat' dir='ltr'><strong>hac</strong></span> <span class='ocrx_word' id='word_1_300' title='bbox 2231 2107 2397 2158; x_wconf 88' lang='lat' dir='ltr'><strong>nocte</strong></span> <span class='ocrx_word' id='word_1_301' title='bbox 2414 2099 2670 2157; x_wconf 81' lang='lat' dir='ltr'><strong>animam</strong></span> <span class='ocrx_word' id='word_1_302' title='bbox 2692 2108 2835 2157; x_wconf 82' lang='lat' dir='ltr'><strong>tuam</strong></span> 
     </span>
     <span class='ocr_line' id='line_1_59' title="bbox 1645 2174 2836 2266; baseline 0.002 -33"><span class='ocrx_word' id='word_1_303' title='bbox 1645 2182 1912 2266; x_wconf 91' lang='lat' dir='ltr'><strong>repetent</strong></span> <span class='ocrx_word' id='word_1_304' title='bbox 1952 2196 1990 2234; x_wconf 87' lang='lat' dir='ltr'><strong>a</strong></span> <span class='ocrx_word' id='word_1_305' title='bbox 2033 2183 2130 2236; x_wconf 86' lang='lat' dir='ltr'><strong>te:</strong></span> <span class='ocrx_word' id='word_1_306' title='bbox 2193 2196 2323 2254; x_wconf 84' lang='lat' dir='ltr'><strong>quae</strong></span> <span class='ocrx_word' id='word_1_307' title='bbox 2374 2186 2568 2237; x_wconf 85' lang='lat' dir='ltr'><strong>autem</strong></span> <span class='ocrx_word' id='word_1_308' title='bbox 2617 2174 2836 2255; x_wconf 85' lang='lat' dir='ltr'><strong>parasti,</strong></span> 
     </span>
    </p>
   </div>
   <div class='ocr_carea' id='block_1_11' title="bbox 1645 2252 2838 2403">
    <p class='ocr_par' dir='ltr' id='par_1_15' title="bbox 1645 2252 2838 2403">
     <span class='ocr_line' id='line_1_60' title="bbox 1645 2252 2838 2345; baseline 0.002 -33"><span class='ocrx_word' id='word_1_309' title='bbox 1645 2273 1802 2345; x_wconf 72' lang='lat' dir='ltr'><strong>cujus</strong></span> <span class='ocrx_word' id='word_1_310' title='bbox 1828 2255 2040 2313; x_wconf 71' lang='lat' dir='ltr'><strong>erunt‘t³</strong></span> <span class='ocrx_word' id='word_1_311' title='bbox 2118 2252 2213 2313; x_wconf 88' lang='lat' dir='ltr'><strong>Sic</strong></span> <span class='ocrx_word' id='word_1_312' title='bbox 2251 2263 2341 2315; x_wconf 87' lang='lat' dir='ltr'><strong>est</strong></span> <span class='ocrx_word' id='word_1_313' title='bbox 2404 2256 2463 2312; x_wconf 92' lang='lat' dir='ltr'><strong>ui</strong></span> <span class='ocrx_word' id='word_1_314' title='bbox 2491 2255 2600 2313; x_wconf 91' lang='lat' dir='ltr'><strong>sibi</strong></span> <span class='ocrx_word' id='word_1_315' title='bbox 2626 2255 2838 2314; x_wconf 79' lang='lat' dir='ltr'><strong>thesau-</strong></span> 
     </span>
     <span class='ocr_line' id='line_1_61' title="bbox 1646 2334 2381 2403; baseline 0.004 -14"><span class='ocrx_word' id='word_1_316' title='bbox 1646 2338 1813 2403; x_wconf 85' lang='lat' dir='ltr'><strong>nzat,</strong></span> <span class='ocrx_word' id='word_1_317' title='bbox 1861 2340 1922 2391; x_wconf 91' lang='lat' dir='ltr'><strong>et</strong></span> <span class='ocrx_word' id='word_1_318' title='bbox 1973 2352 2089 2391; x_wconf 89' lang='lat' dir='ltr'><strong>non</strong></span> <span class='ocrx_word' id='word_1_319' title='bbox 2129 2344 2217 2392; x_wconf 86' lang='lat' dir='ltr'><strong>est</strong></span> <span class='ocrx_word' id='word_1_320' title='bbox 2262 2334 2324 2392; x_wconf 91' lang='lat' dir='ltr'><strong>in</strong></span> <span class='ocrx_word' id='word_1_321' title='bbox 2363 2339 2381 2377; x_wconf 79' lang='lat'><strong>¹</strong></span> 
     </span>
    </p>
   </div>
   <div class='ocr_carea' id='block_1_12' title="bbox 1648 2487 2852 2959">
    <p class='ocr_par' dir='ltr' id='par_1_16' title="bbox 1648 2487 2852 2959">
     <span class='ocr_line' id='line_1_62' title="bbox 1649 2487 2846 2549; baseline 0.003 -5"><span class='ocrx_word' id='word_1_322' title='bbox 1649 2488 1841 2546; x_wconf 90' lang='lat' dir='ltr'><strong>vobis:</strong></span> <span class='ocrx_word' id='word_1_323' title='bbox 1879 2487 2080 2547; x_wconf 84' lang='lat' dir='ltr'><strong>Nolite</strong></span> <span class='ocrx_word' id='word_1_324' title='bbox 2106 2509 2168 2548; x_wconf 86' lang='lat' dir='ltr'><strong>so</strong></span> <span class='ocrx_word' id='word_1_325' title='bbox 2214 2489 2331 2548; x_wconf 86' lang='lat' dir='ltr'><strong>‘citi</strong></span> <span class='ocrx_word' id='word_1_326' title='bbox 2351 2510 2473 2549; x_wconf 84' lang='lat' dir='ltr'><strong>esse</strong></span> <span class='ocrx_word' id='word_1_327' title='bbox 2498 2490 2712 2548; x_wconf 82' lang='lat' dir='ltr'><strong>animae</strong></span> <span class='ocrx_word' id='word_1_328' title='bbox 2734 2509 2846 2548; x_wconf 56' lang='lat' dir='ltr'><strong>ves</strong></span> 
     </span>
     <span class='ocr_line' id='line_1_63' title="bbox 1648 2565 2847 2648; baseline 0 -24"><span class='ocrx_word' id='word_1_329' title='bbox 1648 2573 1760 2624; x_wconf 79' lang='lat' dir='ltr'><strong>trae</strong></span> <span class='ocrx_word' id='word_1_330' title='bbox 1797 2565 1937 2643; x_wconf 92' lang='lat' dir='ltr'><strong>quid</strong></span> <span class='ocrx_word' id='word_1_331' title='bbox 1974 2568 2366 2628; x_wconf 85' lang='lat' dir='ltr'><strong>manducetis:</strong></span> <span class='ocrx_word' id='word_1_332' title='bbox 2421 2588 2608 2646; x_wconf 91' lang='lat' dir='ltr'><strong>neque</strong></span> <span class='ocrx_word' id='word_1_333' title='bbox 2635 2567 2847 2648; x_wconf 85' lang='lat' dir='ltr'><strong>corpori</strong></span> 
     </span>
     <span class='ocr_line' id='line_1_64' title="bbox 1651 2645 2849 2725; baseline 0.001 -24"><span class='ocrx_word' id='word_1_334' title='bbox 1651 2651 1843 2702; x_wconf 87' lang='lat' dir='ltr'><strong>vestro</strong></span> <span class='ocrx_word' id='word_1_335' title='bbox 1878 2645 2016 2721; x_wconf 90' lang='lat' dir='ltr'><strong>quid</strong></span> <span class='ocrx_word' id='word_1_336' title='bbox 2054 2645 2391 2705; x_wconf 88' lang='lat' dir='ltr'><strong>induamini.</strong></span> <span class='ocrx_word' id='word_1_337' title='bbox 2473 2646 2695 2705; x_wconf 86' lang='lat' dir='ltr'><strong>Anima</strong></span> <span class='ocrx_word' id='word_1_338' title='bbox 2730 2645 2849 2725; x_wconf 90' lang='lat' dir='ltr'><strong>plus</strong></span> 
     </span>
     <span class='ocr_line' id='line_1_65' title="bbox 1652 2725 2849 2804; baseline 0.002 -24"><span class='ocrx_word' id='word_1_339' title='bbox 1652 2729 1741 2780; x_wconf 88' lang='lat' dir='ltr'><strong>est</strong></span> <span class='ocrx_word' id='word_1_340' title='bbox 1778 2741 1948 2798; x_wconf 86' lang='lat' dir='ltr'><strong>quam</strong></span> <span class='ocrx_word' id='word_1_341' title='bbox 1991 2743 2132 2796; x_wconf 85' lang='lat' dir='ltr'><strong>esca,</strong></span> <span class='ocrx_word' id='word_1_342' title='bbox 2178 2732 2238 2784; x_wconf 94' lang='lat' dir='ltr'><strong>et</strong></span> <span class='ocrx_word' id='word_1_343' title='bbox 2276 2745 2480 2804; x_wconf 88' lang='lat' dir='ltr'><strong>corpus</strong></span> <span class='ocrx_word' id='word_1_344' title='bbox 2521 2725 2650 2803; x_wconf 90' lang='lat' dir='ltr'><strong>plus</strong></span> <span class='ocrx_word' id='word_1_345' title='bbox 2689 2743 2849 2802; x_wconf 84' lang='lat' dir='ltr'><strong>quam</strong></span> 
     </span>
     <span class='ocr_line' id='line_1_66' title="bbox 1653 2799 2852 2894; baseline 0.001 -37"><span class='ocrx_word' id='word_1_346' title='bbox 1653 2799 2076 2860; x_wconf 87' lang='lat' dir='ltr'><strong>vestimentum.</strong></span> <span class='ocrx_word' id='word_1_347' title='bbox 2131 2802 2503 2862; x_wconf 86' lang='lat' dir='ltr'><strong>Considerate</strong></span> <span class='ocrx_word' id='word_1_348' title='bbox 2519 2823 2711 2863; x_wconf 90' lang='lat' dir='ltr'><strong>corvos</strong></span> <span class='ocrx_word' id='word_1_349' title='bbox 2724 2802 2852 2894; x_wconf 85' lang='lat' dir='ltr'><strong>quia</strong></span> 
     </span>
     <span class='ocr_line' id='line_1_67' title="bbox 1656 2879 2851 2959; baseline 0.003 -25"><span class='ocrx_word' id='word_1_350' title='bbox 1656 2895 1773 2936; x_wconf 92' lang='lat' dir='ltr'><strong>non</strong></span> <span class='ocrx_word' id='word_1_351' title='bbox 1817 2879 2107 2939; x_wconf 88' lang='lat' dir='ltr'><strong>seminant</strong></span> <span class='ocrx_word' id='word_1_352' title='bbox 2143 2901 2328 2959; x_wconf 88' lang='lat' dir='ltr'><strong>neque</strong></span> <span class='ocrx_word' id='word_1_353' title='bbox 2369 2890 2618 2953; x_wconf 91' lang='lat' dir='ltr'><strong>metunt,</strong></span> <span class='ocrx_word' id='word_1_354' title='bbox 2657 2884 2851 2959; x_wconf 78' lang='lat' dir='ltr'><strong>qulbus</strong></span> 
     </span>
    </p>
   </div>
   <div class='ocr_carea' id='block_1_13' title="bbox 1656 2955 2857 3113">
    <p class='ocr_par' dir='ltr' id='par_1_17' title="bbox 1656 2955 2857 3113">
     <span class='ocr_line' id='line_1_68' title="bbox 1656 2955 2857 3039; baseline 0.002 -26"><span class='ocrx_word' id='word_1_355' title='bbox 1656 2974 1773 3014; x_wconf 91' lang='lat' dir='ltr'><strong>non</strong></span> <span class='ocrx_word' id='word_1_356' title='bbox 1802 2965 1889 3015; x_wconf 89' lang='lat' dir='ltr'><strong>est</strong></span> <span class='ocrx_word' id='word_1_357' title='bbox 1926 2955 2217 3017; x_wconf 85' lang='lat' dir='ltr'><strong>cellarium</strong></span> <span class='ocrx_word' id='word_1_358' title='bbox 2259 2980 2445 3039; x_wconf 88' lang='lat' dir='ltr'><strong>neque</strong></span> <span class='ocrx_word' id='word_1_359' title='bbox 2486 2960 2768 3032; x_wconf 86' lang='lat' dir='ltr'><strong>horreum,</strong></span> <span class='ocrx_word' id='word_1_360' title='bbox 2797 2967 2857 3017; x_wconf 90' lang='lat' dir='ltr'><strong>et</strong></span> 
     </span>
     <span class='ocr_line' id='line_1_69' title="bbox 1661 3034 2189 3113; baseline 0.013 -24"><span class='ocrx_word' id='word_1_361' title='bbox 1661 3034 1816 3092; x_wconf 91' lang='lat' dir='ltr'><strong>Deus</strong></span> <span class='ocrx_word' id='word_1_362' title='bbox 1842 3035 2020 3113; x_wconf 78' lang='lat' dir='ltr'><strong>pascit</strong></span> <span class='ocrx_word' id='word_1_363' title='bbox 2045 3035 2189 3096; x_wconf 91' lang='lat' dir='ltr'><strong>illos.</strong></span> 
     </span>
    </p>
   </div>
   <div class='ocr_carea' id='block_1_14' title="bbox 696 3335 2544 3436">
    <p class='ocr_par' dir='ltr' id='par_1_18' title="bbox 696 3335 2544 3436">
     <span class='ocr_line' id='line_1_70' title="bbox 696 3335 2544 3436; baseline 0.004 -27"><span class='ocrx_word' id='word_1_364' title='bbox 696 3335 1084 3411; x_wconf 87' lang='lat' dir='ltr'><strong>Dominica</strong></span> <span class='ocrx_word' id='word_1_365' title='bbox 1165 3337 1464 3410; x_wconf 71' lang='lat' dir='ltr'><strong>Decima</strong></span> <span class='ocrx_word' id='word_1_366' title='bbox 1547 3338 1800 3433; x_wconf 72' lang='lat' dir='ltr'><strong>quinta</strong></span> <span class='ocrx_word' id='word_1_367' title='bbox 1864 3351 2030 3436; x_wconf 57' lang='lat' dir='ltr'><strong>po&amp;</strong></span> <span class='ocrx_word' id='word_1_368' title='bbox 2104 3341 2544 3416; x_wconf 73' lang='lat' dir='ltr'><strong>Trinitatem.</strong></span> 
     </span>
    </p>
   </div>
   <div class='ocr_carea' id='block_1_15' title="bbox 432 3515 1216 3595">
    <p class='ocr_par' dir='ltr' id='par_1_19' title="bbox 432 3515 1216 3595">
     <span class='ocr_line' id='line_1_71' title="bbox 432 3515 1216 3595; baseline -0.004 -16"><span class='ocrx_word' id='word_1_369' title='bbox 432 3519 536 3579; x_wconf 78' lang='lat' dir='ltr'><strong>Ad</strong></span> <span class='ocrx_word' id='word_1_370' title='bbox 562 3518 831 3576; x_wconf 82' lang='lat' dir='ltr'><strong>Missam.</strong></span> <span class='ocrx_word' id='word_1_371' title='bbox 917 3515 1216 3595; x_wconf 63' lang='lat' dir='ltr'><strong>Officium)</strong></span> 
     </span>
    </p>
   </div>
   <div class='ocr_carea' id='block_1_16' title="bbox 359 3596 1563 3973">
    <p class='ocr_par' dir='ltr' id='par_1_20' title="bbox 359 3596 1563 3973">
     <span class='ocr_line' id='line_1_72' title="bbox 435 3596 1558 3669; baseline 0.001 -14"><span class='ocrx_word' id='word_1_372' title='bbox 435 3596 674 3669; x_wconf 88' lang='lat' dir='ltr'><strong>Inclina,</strong></span> <span class='ocrx_word' id='word_1_373' title='bbox 723 3596 990 3668; x_wconf 86' lang='lat' dir='ltr'><strong>Domine,</strong></span> <span class='ocrx_word' id='word_1_374' title='bbox 1036 3615 1232 3653; x_wconf 86' lang='lat' dir='ltr'><strong>aurem</strong></span> <span class='ocrx_word' id='word_1_375' title='bbox 1280 3604 1438 3655; x_wconf 88' lang='lat' dir='ltr'><strong>tuam</strong></span> <span class='ocrx_word' id='word_1_376' title='bbox 1483 3597 1558 3656; x_wconf 83' lang='lat' dir='ltr'><strong>ad</strong></span> 
     </span>
     <span class='ocr_line' id='line_1_73' title="bbox 359 3671 1557 3737; baseline -0.003 0"><span class='ocrx_word' id='word_1_377' title='bbox 359 3698 453 3736; x_wconf 90' lang='lat' dir='ltr'><strong>me</strong></span> <span class='ocrx_word' id='word_1_378' title='bbox 480 3685 540 3737; x_wconf 91' lang='lat' dir='ltr'><strong>et</strong></span> <span class='ocrx_word' id='word_1_379' title='bbox 567 3675 773 3735; x_wconf 86' lang='lat' dir='ltr'><strong>exaudi</strong></span> <span class='ocrx_word' id='word_1_380' title='bbox 799 3695 929 3734; x_wconf 89' lang='lat' dir='ltr'><strong>me:</strong></span> <span class='ocrx_word' id='word_1_381' title='bbox 971 3671 1187 3731; x_wconf 84' lang='lat' dir='ltr'><strong>salvum</strong></span> <span class='ocrx_word' id='word_1_382' title='bbox 1219 3672 1307 3732; x_wconf 88' lang='lat' dir='ltr'><strong>fac</strong></span> <span class='ocrx_word' id='word_1_383' title='bbox 1332 3693 1557 3733; x_wconf 87' lang='lat' dir='ltr'><strong>servum</strong></span> 
     </span>
     <span class='ocr_line' id='line_1_74' title="bbox 361 3751 1560 3841; baseline -0.002 -26"><span class='ocrx_word' id='word_1_384' title='bbox 361 3765 545 3827; x_wconf 91' lang='lat' dir='ltr'><strong>tuum,</strong></span> <span class='ocrx_word' id='word_1_385' title='bbox 590 3754 747 3814; x_wconf 90' lang='lat' dir='ltr'><strong>Deus</strong></span> <span class='ocrx_word' id='word_1_386' title='bbox 790 3771 965 3821; x_wconf 88' lang='lat' dir='ltr'><strong>meus,</strong></span> <span class='ocrx_word' id='word_1_387' title='bbox 1013 3759 1336 3841; x_wconf 83' lang='lat' dir='ltr'><strong>sperantem</strong></span> <span class='ocrx_word' id='word_1_388' title='bbox 1378 3751 1439 3811; x_wconf 90' lang='lat' dir='ltr'><strong>in</strong></span> <span class='ocrx_word' id='word_1_389' title='bbox 1480 3761 1560 3825; x_wconf 92' lang='lat' dir='ltr'><strong>te,</strong></span> 
     </span>
     <span class='ocr_line' id='line_1_75' title="bbox 363 3829 1563 3906; baseline -0.003 -13"><span class='ocrx_word' id='word_1_390' title='bbox 363 3833 630 3893; x_wconf 86' lang='lat' dir='ltr'><strong>miserere</strong></span> <span class='ocrx_word' id='word_1_391' title='bbox 677 3829 839 3900; x_wconf 82' lang='lat' dir='ltr'><strong>mihi,</strong></span> <span class='ocrx_word' id='word_1_392' title='bbox 884 3830 1146 3899; x_wconf 80' lang='lat' dir='ltr'><strong>Domine,</strong></span> <span class='ocrx_word' id='word_1_393' title='bbox 1184 3830 1449 3906; x_wconf 88' lang='lat' dir='ltr'><strong>quoniam</strong></span> <span class='ocrx_word' id='word_1_394' title='bbox 1488 3831 1563 3890; x_wconf 82' lang='lat' dir='ltr'><strong>ad</strong></span> 
     </span>
     <span class='ocr_line' id='line_1_76' title="bbox 364 3907 971 3973; baseline -0.015 0"><span class='ocrx_word' id='word_1_395' title='bbox 364 3922 425 3973; x_wconf 85' lang='lat' dir='ltr'><strong>te</strong></span> <span class='ocrx_word' id='word_1_396' title='bbox 450 3908 686 3970; x_wconf 84' lang='lat' dir='ltr'><strong>clamavi</strong></span> <span class='ocrx_word' id='word_1_397' title='bbox 713 3916 836 3968; x_wconf 85' lang='lat' dir='ltr'><strong>tota</strong></span> <span class='ocrx_word' id='word_1_398' title='bbox 860 3907 971 3965; x_wconf 87' lang='lat' dir='ltr'><strong>die.</strong></span> 
     </span>
    </p>
   </div>
   <div class='ocr_carea' id='block_1_17' title="bbox 361 4051 1372 4476">
    <p class='ocr_par' dir='ltr' id='par_1_21' title="bbox 364 4051 1133 4126">
     <span class='ocr_line' id='line_1_77' title="bbox 364 4051 1133 4126; baseline -0.012 -12"><span class='ocrx_word' id='word_1_399' title='bbox 364 4069 392 4099; x_wconf 74' lang='lat'>⁸</span> <span class='ocrx_word' id='word_1_400' title='bbox 415 4058 616 4113; x_wconf 82' lang='lat' dir='ltr'><strong>Johan.</strong></span> <span class='ocrx_word' id='word_1_401' title='bbox 644 4071 757 4126; x_wconf 82' lang='lat' dir='ltr'><strong>cap.</strong></span> <span class='ocrx_word' id='word_1_402' title='bbox 784 4054 851 4107; x_wconf 90' lang='lat' dir='ltr'><strong>vi.</strong></span> <span class='ocrx_word' id='word_1_403' title='bbox 882 4053 991 4125; x_wconf 88' lang='lat'><strong>(51,</strong></span> <span class='ocrx_word' id='word_1_404' title='bbox 1020 4051 1133 4124; x_wconf 86' lang='lat'><strong>52.)</strong></span> 
     </span>
    </p>

    <p class='ocr_par' dir='ltr' id='par_1_22' title="bbox 361 4122 1097 4183">
     <span class='ocr_line' id='line_1_78' title="bbox 361 4122 1097 4183; baseline -0.007 0"><span class='ocrx_word' id='word_1_405' title='bbox 361 4131 392 4171; x_wconf 74' lang='lat' dir='ltr'><strong>b</strong></span> <span class='ocrx_word' id='word_1_406' title='bbox 427 4126 741 4183; x_wconf 87' lang='lat' dir='ltr'><strong>muneribus</strong></span> <span class='ocrx_word' id='word_1_407' title='bbox 762 4122 1097 4179; x_wconf 70' lang='lat' dir='ltr'><strong>saeris—94.</strong></span> 
     </span>
    </p>

    <p class='ocr_par' dir='ltr' id='par_1_23' title="bbox 369 4195 1372 4321">
     <span class='ocr_line' id='line_1_79' title="bbox 370 4195 1372 4267; baseline -0.002 -14"><span class='ocrx_word' id='word_1_408' title='bbox 370 4209 394 4240; x_wconf 68' lang='grc' dir='ltr'><strong>θ</strong></span> <span class='ocrx_word' id='word_1_409' title='bbox 430 4200 466 4253; x_wconf 90' lang='grc'><strong>2</strong></span> <span class='ocrx_word' id='word_1_410' title='bbox 489 4197 560 4252; x_wconf 81' lang='lat' dir='ltr'><strong>ad</strong></span> <span class='ocrx_word' id='word_1_411' title='bbox 581 4196 701 4250; x_wconf 83' lang='lat' dir='ltr'><strong>Oor.</strong></span> <span class='ocrx_word' id='word_1_412' title='bbox 728 4212 790 4249; x_wconf 83' lang='lat' dir='ltr'><strong>ca</strong></span> <span class='ocrx_word' id='word_1_413' title='bbox 828 4237 840 4249; x_wconf 92' lang='lat'><strong>.</strong></span> <span class='ocrx_word' id='word_1_414' title='bbox 867 4195 932 4250; x_wconf 90' lang='lat' dir='ltr'><strong>vi.</strong></span> <span class='ocrx_word' id='word_1_415' title='bbox 964 4195 1027 4248; x_wconf 93' lang='lat' dir='ltr'><strong>D.</strong></span> <span class='ocrx_word' id='word_1_416' title='bbox 1079 4212 1127 4250; x_wconf 93' lang='lat' dir='ltr'><strong>v.</strong></span> <span class='ocrx_word' id='word_1_417' title='bbox 1156 4195 1372 4267; x_wconf 84' lang='lat'><strong>14-18.)</strong></span> 
     </span>
     <span class='ocr_line' id='line_1_80' title="bbox 369 4265 1106 4321; baseline 0.001 -1"><span class='ocrx_word' id='word_1_418' title='bbox 369 4271 398 4308; x_wconf 81' lang='lat' dir='ltr'><strong>d</strong></span> <span class='ocrx_word' id='word_1_419' title='bbox 433 4282 545 4320; x_wconf 89' lang='lat' dir='ltr'><strong>non</strong></span> <span class='ocrx_word' id='word_1_420' title='bbox 569 4266 774 4319; x_wconf 86' lang='lat' dir='ltr'><strong>habent</strong></span> <span class='ocrx_word' id='word_1_421' title='bbox 832 4266 879 4320; x_wconf 88' lang='grc'><strong>2.</strong></span> <span class='ocrx_word' id='word_1_422' title='bbox 909 4265 993 4320; x_wconf 89' lang='grc'><strong>97.</strong></span> <span class='ocrx_word' id='word_1_423' title='bbox 1021 4265 1054 4318; x_wconf 84' lang='grc'>9</span> <span class='ocrx_word' id='word_1_424' title='bbox 1094 4307 1106 4321; x_wconf 94' lang='grc'><strong>.</strong></span> 
     </span>
    </p>

    <p class='ocr_par' dir='ltr' id='par_1_24' title="bbox 375 4334 794 4455">
     <span class='ocr_line' id='line_1_81' title="bbox 375 4334 794 4455; baseline -0.007 -65"><span class='ocrx_word' id='word_1_425' title='bbox 375 4347 400 4376; x_wconf 78' lang='lat'>0</span> <span class='ocrx_word' id='word_1_426' title='bbox 436 4351 550 4404; x_wconf 81' lang='lat' dir='ltr'><strong>cap.</strong></span> <span class='ocrx_word' id='word_1_427' title='bbox 574 4334 666 4388; x_wconf 82' lang='lat' dir='ltr'><strong>vii.</strong></span> <span class='ocrx_word' id='word_1_428' title='bbox 694 4334 794 4455; x_wconf 50' lang='grc' dir='ltr'><strong>ἓ.)</strong></span> 
     </span>
    </p>

    <p class='ocr_par' dir='ltr' id='par_1_25' title="bbox 371 4403 1100 4476">
     <span class='ocr_line' id='line_1_82' title="bbox 371 4403 1100 4476; baseline 0.003 -19"><span class='ocrx_word' id='word_1_429' title='bbox 371 4406 393 4443; x_wconf 85' lang='lat'><strong>1&#39;</strong></span> <span class='ocrx_word' id='word_1_430' title='bbox 434 4419 547 4471; x_wconf 86' lang='lat' dir='ltr'><strong>cap.</strong></span> <span class='ocrx_word' id='word_1_431' title='bbox 576 4403 667 4455; x_wconf 87' lang='lat' dir='ltr'><strong>xii.</strong></span> <span class='ocrx_word' id='word_1_432' title='bbox 746 4446 755 4458; x_wconf 95' lang='lat'><strong>.</strong></span> <span class='ocrx_word' id='word_1_433' title='bbox 785 4404 853 4476; x_wconf 90' lang='lat' dir='ltr'><strong>(v.</strong></span> <span class='ocrx_word' id='word_1_434' title='bbox 885 4404 1100 4474; x_wconf 85' lang='lat'><strong>13-24.)</strong></span> 
     </span>
    </p>
   </div>
   <div class='ocr_carea' id='block_1_18' title="bbox 1669 3522 2868 3802">
    <p class='ocr_par' dir='ltr' id='par_1_26' title="bbox 1669 3522 2868 3802">
     <span class='ocr_line' id='line_1_83' title="bbox 1745 3522 2067 3581; baseline 0.003 -1"><span class='ocrx_word' id='word_1_435' title='bbox 1745 3522 2067 3581; x_wconf 67' lang='lat' dir='ltr'><strong>Psalmus.k</strong></span> 
     </span>
     <span class='ocr_line' id='line_1_84' title="bbox 1739 3598 2868 3674; baseline 0 -19"><span class='ocrx_word' id='word_1_436' title='bbox 1739 3598 1985 3655; x_wconf 75' lang='lat' dir='ltr'><strong>Laetifioa</strong></span> <span class='ocrx_word' id='word_1_437' title='bbox 2015 3601 2255 3657; x_wconf 85' lang='lat' dir='ltr'><strong>animam</strong></span> <span class='ocrx_word' id='word_1_438' title='bbox 2293 3603 2433 3658; x_wconf 87' lang='lat' dir='ltr'><strong>servi</strong></span> <span class='ocrx_word' id='word_1_439' title='bbox 2468 3604 2556 3658; x_wconf 88' lang='lat' dir='ltr'><strong>tui</strong></span> <span class='ocrx_word' id='word_1_440' title='bbox 2582 3624 2595 3659; x_wconf 71' lang='grc' dir='ltr'><strong>ε</strong></span> <span class='ocrx_word' id='word_1_441' title='bbox 2618 3602 2868 3674; x_wconf 81' lang='lat' dir='ltr'><strong>quoniam</strong></span> 
     </span>
     <span class='ocr_line' id='line_1_85' title="bbox 1669 3670 2802 3802; baseline 0.003 -77"><span class='ocrx_word' id='word_1_442' title='bbox 1669 3670 1740 3725; x_wconf 84' lang='lat' dir='ltr'><strong>ad</strong></span> <span class='ocrx_word' id='word_1_443' title='bbox 1757 3671 2090 3802; x_wconf 43' lang='lat' dir='ltr'><strong>&amp;rafflme</strong></span> <span class='ocrx_word' id='word_1_444' title='bbox 2115 3691 2127 3725; x_wconf 75' lang='grc' dir='ltr'><strong><em>ε</em></strong></span> <span class='ocrx_word' id='word_1_445' title='bbox 2152 3673 2395 3729; x_wconf 87' lang='lat' dir='ltr'><strong>animam</strong></span> <span class='ocrx_word' id='word_1_446' title='bbox 2418 3691 2596 3730; x_wconf 84' lang='lat' dir='ltr'><strong>meam</strong></span> <span class='ocrx_word' id='word_1_447' title='bbox 2620 3674 2802 3729; x_wconf 79' lang='lat' dir='ltr'><strong>levavi.</strong></span> 
     </span>
    </p>
   </div>
   <div class='ocr_carea' id='block_1_19' title="bbox 1676 3819 2874 3982">
    <p class='ocr_par' dir='ltr' id='par_1_27' title="bbox 1676 3819 2874 3982">
     <span class='ocr_line' id='line_1_86' title="bbox 1767 3819 2873 3901; baseline 0.003 -22"><span class='ocrx_word' id='word_1_448' title='bbox 1767 3819 2037 3893; x_wconf 80' lang='lat' dir='ltr'><strong>Custodi,</strong></span> <span class='ocrx_word' id='word_1_449' title='bbox 2061 3821 2330 3895; x_wconf 89' lang='lat' dir='ltr'><strong>Domine,</strong></span> <span class='ocrx_word' id='word_1_450' title='bbox 2377 3843 2713 3901; x_wconf 77' lang='lat' dir='ltr'><strong>quaesumus,</strong></span> <span class='ocrx_word' id='word_1_451' title='bbox 2755 3824 2873 3882; x_wconf 86' lang='lat' dir='ltr'><strong>Ec·</strong></span> 
     </span>
     <span class='ocr_line' id='line_1_87' title="bbox 1676 3898 2874 3982; baseline 0.001 -25"><span class='ocrx_word' id='word_1_452' title='bbox 1676 3898 1899 3958; x_wconf 86' lang='lat' dir='ltr'><strong>clesiam</strong></span> <span class='ocrx_word' id='word_1_453' title='bbox 1929 3907 2088 3958; x_wconf 86' lang='lat' dir='ltr'><strong>tuam</strong></span> <span class='ocrx_word' id='word_1_454' title='bbox 2128 3902 2533 3978; x_wconf 82' lang='lat' dir='ltr'><strong>propitiatione</strong></span> <span class='ocrx_word' id='word_1_455' title='bbox 2566 3912 2874 3982; x_wconf 81' lang='lat' dir='ltr'><strong>perpetua:</strong></span> 
     </span>
    </p>
   </div>
   <div class='ocr_carea' id='block_1_20' title="bbox 1677 4053 2500 4254">
    <p class='ocr_par' dir='ltr' id='par_1_28' title="bbox 1677 4053 2500 4254">
     <span class='ocr_line' id='line_1_88' title="bbox 1678 4053 2360 4110; baseline 0.009 -7"><span class='ocrx_word' id='word_1_456' title='bbox 1678 4062 1708 4101; x_wconf 78' lang='lat'><em>8</em></span> <span class='ocrx_word' id='word_1_457' title='bbox 1741 4053 2037 4108; x_wconf 72' lang='lat' dir='ltr'><strong>illos—92.</strong></span> <span class='ocrx_word' id='word_1_458' title='bbox 2066 4054 2151 4109; x_wconf 84' lang='grc'><strong>97.</strong></span> <span class='ocrx_word' id='word_1_459' title='bbox 2178 4055 2265 4109; x_wconf 86' lang='grc'><strong>26.</strong></span> <span class='ocrx_word' id='word_1_460' title='bbox 2293 4056 2360 4110; x_wconf 89' lang='lat' dir='ltr'><strong>V.</strong></span> 
     </span>
     <span class='ocr_line' id='line_1_89' title="bbox 1677 4123 2500 4183; baseline 0.006 -5"><span class='ocrx_word' id='word_1_461' title='bbox 1677 4123 1709 4162; x_wconf 75' lang='lat'><strong>¹¹</strong></span> <span class='ocrx_word' id='word_1_462' title='bbox 1745 4124 2149 4180; x_wconf 85' lang='lat' dir='ltr'><strong>habeam.—98.</strong></span> <span class='ocrx_word' id='word_1_463' title='bbox 2175 4125 2273 4182; x_wconf 88' lang='lat' dir='ltr'><strong>4L.</strong></span> <span class='ocrx_word' id='word_1_464' title='bbox 2302 4127 2384 4180; x_wconf 88' lang='grc'><strong>15.</strong></span> <span class='ocrx_word' id='word_1_465' title='bbox 2412 4128 2500 4183; x_wconf 88' lang='grc'><strong>57.</strong></span> 
     </span>
     <span class='ocr_line' id='line_1_90' title="bbox 1683 4194 2496 4254; baseline 0.007 -7"><span class='ocrx_word' id='word_1_466' title='bbox 1683 4194 1700 4232; x_wconf 81' lang='lat'><strong>¹</strong></span> <span class='ocrx_word' id='word_1_467' title='bbox 1745 4194 2031 4249; x_wconf 64' lang='lat' dir='ltr'><strong>Deo—92.</strong></span> <span class='ocrx_word' id='word_1_468' title='bbox 2059 4194 2144 4250; x_wconf 87' lang='lat'><strong>98.</strong></span> <span class='ocrx_word' id='word_1_469' title='bbox 2170 4195 2268 4250; x_wconf 88' lang='lat' dir='ltr'><strong>4L.</strong></span> <span class='ocrx_word' id='word_1_470' title='bbox 2299 4197 2382 4254; x_wconf 85' lang='lat'><strong>15.</strong></span> <span class='ocrx_word' id='word_1_471' title='bbox 2410 4199 2496 4253; x_wconf 82' lang='lat'><strong>57.</strong></span> 
     </span>
    </p>
   </div>
   <div class='ocr_carea' id='block_1_21' title="bbox 1680 4264 2474 4406">
    <p class='ocr_par' dir='ltr' id='par_1_29' title="bbox 1680 4264 2474 4406">
     <span class='ocr_line' id='line_1_91' title="bbox 1680 4264 2474 4339; baseline 0.006 -22"><span class='ocrx_word' id='word_1_472' title='bbox 1680 4264 1698 4310; x_wconf 75' lang='lat' dir='ltr'>J</span> <span class='ocrx_word' id='word_1_473' title='bbox 1746 4264 1832 4320; x_wconf 91' lang='lat' dir='ltr'><strong>Ps.</strong></span> <span class='ocrx_word' id='word_1_474' title='bbox 1858 4266 2043 4319; x_wconf 86' lang='lat' dir='ltr'><strong>lxxxv.</strong></span> <span class='ocrx_word' id='word_1_475' title='bbox 2070 4265 2297 4337; x_wconf 87' lang='lat' dir='ltr'><strong>(lxxxvi.</strong></span> <span class='ocrx_word' id='word_1_476' title='bbox 2328 4267 2474 4339; x_wconf 87' lang='lat'><strong>1-3.)</strong></span> 
     </span>
     <span class='ocr_line' id='line_1_92' title="bbox 1684 4333 2025 4406; baseline 0.003 -20"><span class='ocrx_word' id='word_1_477' title='bbox 1684 4333 1715 4371; x_wconf 73' lang='lat'><strong>¹¹</strong></span> <span class='ocrx_word' id='word_1_478' title='bbox 1751 4334 1821 4390; x_wconf 89' lang='lat' dir='ltr'><strong>ib.</strong></span> <span class='ocrx_word' id='word_1_479' title='bbox 1850 4335 1921 4406; x_wconf 90' lang='lat' dir='ltr'><strong>(v.</strong></span> <span class='ocrx_word' id='word_1_480' title='bbox 1947 4334 2025 4406; x_wconf 89' lang='lat'><strong>4.)</strong></span> 
     </span>
    </p>
   </div>
   <div class='ocr_carea' id='block_1_22' title="bbox 1648 2334 2961 2486">
    <p class='ocr_par' dir='ltr' id='par_1_30' title="bbox 1648 2334 2961 2486">
     <span class='ocr_line' id='line_1_93' title="bbox 2462 2334 2959 2392; baseline -0.01 -1"><span class='ocrx_word' id='word_1_481' title='bbox 2462 2334 2635 2392; x_wconf 76' lang='lat' dir='ltr'><strong>eum²</strong></span> <span class='ocrx_word' id='word_1_482' title='bbox 2678 2334 2841 2391; x_wconf 87' lang='lat' dir='ltr'><strong>dives.</strong></span> <span class='ocrx_word' id='word_1_483' title='bbox 2958 2375 2959 2386; x_wconf 67' lang='grc'>,</span> 
     </span>
     <span class='ocr_line' id='line_1_94' title="bbox 1648 2409 2961 2486; baseline 0.005 -18"><span class='ocrx_word' id='word_1_484' title='bbox 1648 2409 1927 2486; x_wconf 87' lang='lat' dir='ltr'><strong>Dixitque</strong></span> <span class='ocrx_word' id='word_1_485' title='bbox 1945 2410 2018 2468; x_wconf 88' lang='lat' dir='ltr'><strong>ad</strong></span> <span class='ocrx_word' id='word_1_486' title='bbox 2043 2411 2180 2470; x_wconf 91' lang='lat' dir='ltr'><strong>disci</strong></span> <span class='ocrx_word' id='word_1_487' title='bbox 2220 2411 2342 2471; x_wconf 90' lang='lat' dir='ltr'><strong>ulos</strong></span> <span class='ocrx_word' id='word_1_488' title='bbox 2361 2431 2515 2484; x_wconf 82' lang='lat' dir='ltr'><strong>suos3</strong></span> <span class='ocrx_word' id='word_1_489' title='bbox 2564 2411 2710 2470; x_wconf 93' lang='lat' dir='ltr'><strong>Ideo</strong></span> <span class='ocrx_word' id='word_1_490' title='bbox 2732 2411 2846 2469; x_wconf 82' lang='lat' dir='ltr'><strong>dico</strong></span> <span class='ocrx_word' id='word_1_491' title='bbox 2960 2469 2961 2474; x_wconf 73' lang='grc'>,</span> 
     </span>
    </p>
   </div>
  </div>
 </body>
</html>
