2975 5009
292 219 331 286 7
853 237 1211 287 nomch
1246 237 1480 285 PRIMA
1514 234 1907 285 Anvunrus
1941 234 2226 283 nomm.
2775 220 2817 283 8

290 391 478 463 niani,
488 393 603 468 fiat
622 392 913 469 imprimis
932 394 1206 452 memoria
1224 394 1292 455 de
1310 402 1500 452 sancto

291 470 570 529 Swithino
579 492 603 542 ;
629 469 830 529 deinde
845 470 913 529 de
926 470 981 529 A
979 472 1232 549 postolis,
1249 479 1300 531 et
1303 480 1501 550 postea

293 548 361 606 de
395 556 590 607 sancta
626 548 874 621 Maria;
910 558 961 607 et
995 550 1220 609 twncde
1245 550 1501 609 omnibus

291 627 517 686 sanctis.
626 625 868 697 Quando
907 648 1033 686 vero
1073 627 1288 687 dicitwr
1325 629 1502 687 missa

292 704 454 764 Salus
464 702 690 784 populi·
701 705 735 743 ’¹‘
753 713 883 763 twnc
897 706 1138 764 secunda
1155 707 1336 765 oratio
1344 707 1451 764 erit
1463 710 1496 745 Ἰ

291 783 360 839 de
401 792 595 841 sancta
637 783 842 841 Maria
855 804 878 855 ;
924 783 1092 842 tertia
1136 784 1205 843 de
1246 784 1502 843 ommibus

292 861 498 918 sanctis
509 882 532 933 ,·
559 869 765 939 quarta
781 882 893 939 pro
913 862 1225 920 universali
1242 862 1501 934 ecclesia,·

297 940 500 1015 quinta
515 960 627 1017 pro
643 939 845 1017 pace.†

371 1017 417 1074 Ι
547 1025 607 1075 ta
647 1038 774 1075 vero
814 1017 1022 1075 ultima
1065 1018 1334 1077 Oratione
1376 1026 1505 1077 ante

294 1095 631 1171 Epistolam,
684 1095 1054 1155 subdiaconus
1253 1097 1506 1155 medimn

298 1173 475 1231 Obori
546 1173 624 1231 ad
701 1173 986 1248 leyendam
1164 1175 1373 1233 'telam
1437 1176 1506 1233 in

293 1251 599 1328 Puhpitwm
620 1251 901 1329 accedat.†
981 1252 1063 1311 Et
1136 1260 1307 1329 yatur
1330 1253 1504 1330 Epis-

297 1330 410 1386 tola
457 1329 524 1385 in
575 1328 813 1406 Puhpito
858 1331 1015 1388 omni
1065 1330 1158 1389 die
1216 1331 1507 1390 domimica

299 1417 349 1464 et
403 1406 842 1484 quandocumque
895 1409 1089 1467 chorus
1141 1409 1356 1485 reqitwr
1399 1432 1509 1487 per

298 1493 473 1543 totwm
515 1505 731 1543 annum
748 1508 767 1543 .·
804 1494 855 1543 et
895 1486 963 1544 in
1000 1487 1093 1545 die
1135 1486 1318 1547 O'oenoe
1352 1496 1404 1546 et
1440 1488 1509 1546 in

296 1562 503 1639 viyilia
516 1563 751 1621 Paschae
766 1572 816 1621 et
830 1564 1182 1637 Pentecostes,
1193 1573 1243 1623 et
1257 1567 1325 1625 in
1343 1564 1509 1625 Gom-

297 1642 690 1699 memoratione
717 1642 1062 1701 animarum.
1141 1643 1190 1700 I
1183 1666 1224 1703 n
1254 1645 1510 1703 omnibus

298 1741 423 1777 vero
444 1719 579 1777 aliis
594 1717 754 1796 festis
774 1720 1024 1798 etseriis,
1045 1730 1096 1780 et
1121 1723 1187 1779 in
1212 1723 1432 1799 viyiliis
1459 1731 1510 1780 et

298 1798 366 1854 in
395 1797 651 1869 Quatuor
677 1799 1007 1874 temporibus
1035 1808 1191 1857 extra
1217 1801 1508 1858 hebdoma-

300 1876 437 1932 dam
489 1875 843 1947 Pentecostes,
897 1877 975 1933 ad
1035 1876 1299 1936 Gradum
1353 1878 1511 1936 chori

303 1954 519 2028 le9atur
564 1962 695 2011 tam·
727 1954 795 2011 in
843 1953 1292 2032 Quadrayesima
1338 1976 1508 2033 quam

302 2040 457 2088 eaetra
487 2031 1013 2107 Quadrayesimam.

382 2147 574 2205 Lectio
600 2146 871 2224 Epistolae
899 2148 1045 2205 beati
1069 2150 1254 2208 Pauli
1272 2154 1511 2229 apostoli

303 2226 381 2282 ad
399 2224 728 2283 Romanos.¹’
1068 2262 1073 2268 ·

385 2304 638 2374 FratreS,
667 2303 906 2362 scientes
939 2304 1074 2381 quia
1101 2304 1242 2366 hora
1271 2316 1357 2366 est
1383 2309 1509 2387 jam

305 2402 407 2439 nos
433 2382 505 2441 de
527 2401 725 2440 somno
752 2402 999 2461 surgere.
1082 2383 1253 2444 Nunc
1269 2393 1289 2418 ⁶
1316 2388 1470 2445 enim
1486 2395 1509 2421 ⁰

306 2480 411 2538 pro
452 2460 537 2517 ior
585 2468 672 2519 est
725 2469 919 2519 nostra
970 2459 1117 2520 salus
1202 2485 1330 2523 uam
1377 2486 1506 2524 cum

300 2482 660 2597 credidimus.
699 2537 834 2597 Nox
854 2541 1156 2618 praecessit,
1214 2542 1294 2602 ies
1313 2554 1504 2604 autem

301 2617 791 2695 appropinquavit.
850 2618 1204 2695 Abjiciamus
1222 2641 1357 2701 ergo
1374 2642 1507 2697 ope-

302 2716 367 2753 ra
424 2697 807 2767 tenebrarum,
873 2705 933 2755 et
991 2695 1290 2757 induamur
1348 2721 1509 2759 arma

302 2774 482 2832 lucis:
547 2774 689 2833 sicut
747 2773 808 2830 in
866 2773 960 2832 die
1015 2774 1251 2838 honeste
1311 2782 1508 2838 ambu-

303 2852 519 2924 lemus3
588 2872 704 2911 non
776 2850 837 2909 in
894 2855 1390 2915 comessationibus
1448 2866 1508 2917 et

304 3018 331 3045 ²²
366 3009 440 3061 vel
465 3006 576 3061 Nos
598 3012 779 3061 autem
806 3006 889 3061 94.
918 3007 1002 3063 26.
1034 3007 1119 3065 57.

306 3081 333 3117 ¹>
369 3096 482 3150 cap.
509 3077 606 3131 xiii
633 3078 695 3132 D.
723 3095 771 3133 v.
803 3077 989 3131 11-14.

306 3161 330 3187 0
368 3157 550 3203 autem
577 3148 661 3202 98.
689 3148 775 3201 26.
802 3148 887 3203 57.

306 3222 335 3257 ⁴¹
373 3219 583 3291 pulpito
607 3219 691 3273 26.
720 3219 804 3274 57.

377 3484 413 3553 †
460 3482 537 3535 Et
584 3482 676 3535 hoc
721 3482 870 3535 modo
907 3480 1191 3549 finiantur
1242 3475 1517 3530 Orationes

304 3560 427 3607 ante
449 3552 758 3622 Epistolam‚
787 3552 892 3606 Per
914 3549 1096 3605 omnia
1127 3547 1323 3602 saecula
1348 3563 1515 3601 saecu-

305 3626 495 3677 lorum.
591 3622 798 3676 Chorus
1083 3622 1142 3672 at
1181 3618 1270 3687 sic,
1313 3617 1511 3671 Amen.

306 3696 382 3747 Et
425 3696 476 3747 si
504 3693 727 3765 fuerint
760 3693 948 3762 plures
995 3690 1221 3743 C'odectoe
1264 3688 1511 3757 dicendae‚

305 3768 499 3819 iterum
520 3766 664 3818 dicat
684 3764 920 3817 sacerdos
951 3760 1190 3814 Oremus.
1277 3758 1356 3811 Et
1387 3762 1517 3811 tunc

304 3853 478 3888 omnes
508 3835 781 3889 Orationes
807 3848 927 3903 quae
956 3833 1250 3901 sequuntur
1278 3829 1375 3882 sub
1405 3845 1515 3881 uno

306 3908 411 3960 Per
434 3906 728 3959 Dominum
751 3908 802 3957 et
829 3903 926 3956 suh
950 3918 1057 3954 uno
1080 3900 1306 3954 Oremus
1326 3899 1514 3952 dicun·

304 3983 409 4030 tur.
484 3977 576 4029 Ita
598 3981 773 4030 tamen
795 3973 936 4044 quod
956 3972 1310 4041 septenarium
1332 3985 1514 4022 nume-

303 4065 427 4099 rum
457 4047 687 4100 excedere
722 4061 831 4098 non
864 4044 1003 4097 debet
1035 4041 1319 4096 secundum
1356 4056 1516 4093 usum

306 4119 505 4172 Sarum
531 4135 548 4168 :
614 4116 745 4186 quia
810 4113 1052 4168 Christus
1107 4128 1229 4166 cum
1285 4110 1516 4164 docuerit

306 4188 469 4241 Pater
503 4193 682 4240 noster
715 4190 926 4240 tantum
958 4181 1340 4254 comprehendit
1373 4180 1513 4251 peti·

302 4261 465 4311 tiones
504 4263 707 4326 septem,
745 4272 863 4328 quoe
903 4254 1208 4309 necessarioe
1240 4255 1368 4306 sunt
1399 4255 1515 4304 tam

302 4328 508 4398 corpori
643 4344 697 4380 m
722 4328 934 4396 animoe,
960 4331 1009 4381 et
1029 4327 1187 4380 diam
1209 4323 1274 4376 de
1296 4335 1515 4376 numero

303 4399 505 4468 impari
582 4415 673 4451 eus
689 4399 899 4469 gaudet,
920 4403 969 4452 et
991 4398 1104 4450 ideo
1126 4396 1355 4464 impares
1378 4390 1512 4446 Om-

304 4472 468 4524 tiones
489 4473 617 4523 sunt
650 4470 711 4524 in
746 4470 921 4522 missis
951 4466 1197 4521 dicendoe.
1274 4462 1347 4518 Et
1369 4466 1509 4529 nota,

1612 391 2001 462 ebrietatibus,
2045 411 2159 450 non
2198 392 2259 449 in
2298 389 2571 450 cubilibus
2609 400 2671 450 et
2710 392 2820 450 im·

1652 469 1914 542 adicitiis,
1956 489 2073 528 non
2099 469 2160 527 in
2185 469 2548 530 contentione
2574 476 2635 529 et
2662 491 2821 530 emu-

1667 549 1842 608 tione.
1962 547 2079 608 Sed
2135 547 2437 606 induimini
2504 547 2820 607 Dominum

1612 627 1657 687 J
1659 647 1816 686 esum
1842 625 2151 687 Christum.

1694 704 1935 776 Quando
1959 704 2222 781 Epistola
2259 703 2481 780 leqitur,
2508 704 2621 761 duo
2647 706 2823 782 pueri

1613 781 2719 919 Zilisgzperpellicgisadfactacfflinatione
2744 784 2824 873 ad

1616 948 1737 997 tum
1755 868 2424 1016 gepgrntemdzugnbhm
2462 862 2825 997 &zm

1618 1016 2008 1095 incipiendwn
2062 1038 2117 1073 se
2165 1024 2490 1094 praeparent
2551 1025 2603 1075 et
2657 1039 2825 1074 suum

1626 1096 1857 1153 Verswm
1879 1095 2311 1152 decantandum.

1621 1173 1864 1227 Gradak.
1891 1171 2155 1227 Universi.

1622 1243 1835 1304 Chorus
1879 1243 2031 1302 idem
2073 1251 2447 1321 prosequatur
2487 1263 2597 1319 per
2649 1252 2826 1301 totum

1618 1343 1787 1399 usque
1852 1321 1930 1379 ad
1983 1322 2205 1397 finem:
2310 1321 2423 1378 uod
2478 1342 2587 1397 per
2651 1331 2828 1380 totwm

1620 1420 1833 1458 annum
1869 1401 2174 1458 observetur
2335 1399 2567 1457 missasm
2606 1400 2675 1457 de
2713 1400 2827 1470 die,

1619 1478 1738 1536 nisi
1756 1478 1982 1556 quamdo
2008 1498 2046 1534 a
2077 1477 2314 1536 Oantore
2334 1478 2668 1554 incipiatur,
2690 1486 2741 1535 et
2760 1480 2829 1535 in

1619 1556 1806 1614 missis
1846 1576 1967 1633 quoe
2010 1556 2078 1612 in
2126 1554 2391 1633 Capitulo
2430 1555 2699 1614 dicuntur
2720 1579 2738 1613 .·
2777 1565 2829 1613 et

1621 1635 1687 1692 in
1711 1634 2064 1692 Processione
2090 1641 2311 1691 tantum
2335 1633 2435 1691 ubi
2446 1634 2524 1709 fit
2553 1633 2799 1713 Stati0.‡

1626 1712 1790 1766 Grad.
1865 1709 2116 1765 Universi
2151 1710 2245 1781 qui
2288 1716 2344 1766 te
2378 1716 2664 1783 expectant
2711 1728 2822 1766 non

1620 1781 2019 1836 confundentur
2060 1781 2303 1836 Domine.
2617 1782 2825 1836 Versus.

1692 1851 1824 1906 Vias
1847 1857 1982 1912 tuas.
2012 1823 2285 1921 bomine‚e
2322 1856 2478 1906 notas
2500 1850 2585 1906 fac
2604 1860 2628 1889 e
2665 1852 2827 1906 mihi:

1623 1927 1678 1976 et
1701 1923 1918 1976 semitas
1940 1927 2061 1976 tuas
2084 1922 2240 1977 edoce
2264 1921 2390 1977 me!

1623 1995 1761 2052 Post
1796 1993 2025 2051 Verswm
2051 1994 2246 2051 chorus
2272 2015 2331 2051 re
2398 2000 2480 2050 tat
2509 1992 2779 2051 Gradale.

1702 2071 2037 2129 Notandum
2070 2079 2146 2129 est
2260 2014 2397 2130 odpe
2361 2092 2469 2149 per
2512 2080 2689 2129 totum
2724 2094 2828 2129 ane

1625 2170 1764 2207 num
1820 2157 2100 2227 repetatur
2162 2092 2414 2208 &adalo
2470 2158 2599 2227 post
2662 2172 2830 2208 suum

1635 2228 1880 2299 Versum,
1923 2227 2001 2284 ad
2038 2228 2270 2285 missam
2308 2228 2375 2285 de
2414 2228 2507 2285 die
2533 2251 2550 2285 .·
2601 2228 2722 2285 nisi
2766 2230 2833 2286 in

1606 2305 1770 2381 festis
1805 2305 2164 2383 duplicium
2204 2314 2254 2363 et
2292 2305 2410 2363 nisi
2446 2306 2514 2363 in
2551 2308 2753 2382 quinta
2781 2315 2831 2363 et

1620 2392 1771 2441 sexta
1794 2382 1955 2459 feria
1981 2383 2332 2442 hebdomades
2357 2383 2591 2441 Paschoe
2610 2407 2633 2454 ;
2674 2393 2724 2442 et
2764 2385 2831 2441 in

1623 2461 1879 2533 Quatuor
1924 2462 2272 2539 temporibus,
2318 2469 2446 2539 post
2490 2461 2827 2534 Lectione-m,

1617 2540 1718 2597 ubi
1766 2539 2018 2598 Gradale
2060 2540 2289 2596 habetur
2321 2547 2452 2629 post
2490 2539 2828 2612 Lectionem‚

1620 2626 1670 2676 et
1697 2618 1921 2695 quando
1951 2617 2186 2674 Tractus
2212 2617 2441 2675 dicitur.
2523 2618 2832 2695 Repeto-tur

1621 2697 1793 2753 etiam
1837 2696 1904 2752 in
1943 2696 2035 2752 die
2073 2694 2145 2751 N
2138 2694 2416 2751 ativitatis
2461 2695 2708 2754 Domini
2753 2698 2832 2754 ad

1620 2773 1920 2832 secundam
1945 2773 2193 2844 missam,
2210 2781 2260 2829 et
2286 2773 2552 2830 similiter
2576 2774 2645 2831 in
2668 2774 2829 2833 Com-

1621 2851 2127 2922 memorationibus,
2163 2849 2387 2921 scilicet,
2415 2850 2484 2907 de
2527 2852 2830 2925 Trinitate,

1628 3016 1652 3044 θ
1690 3006 1997 3061 demonstra
2020 3004 2068 3057 6.
2097 3003 2491 3076 Vulg.——notas
2526 3005 2624 3060 fac.
2666 3008 2831 3062 Psalt.

1627 3078 1780 3202 3⁴3¹?
1799 3145 1969 3201 xxiiii.
1998 3144 2106 3216 (25.
2133 3145 2210 3216 4.)

1493 3367 1513 3376 -
1625 3334 1781 3416 quod·
1809 3348 2060 3387 numems
2107 3330 2435 3385 Secretarum
2480 3338 2528 3387 et
2573 3334 2836 3387 Postcom-

1626 3420 1940 3457 munionum
1978 3418 2178 3470 semper
2215 3404 2480 3456 concordet
2525 3421 2743 3458 numero
2790 3412 2839 3459 et

1625 3475 1808 3527 ordini
1834 3474 2185 3528 Collectarum.
2259 3472 2337 3526 Et
2357 3490 2556 3543 semper
2577 3475 2710 3527 dum
2732 3481 2839 3530 stat

1626 3545 1860 3598 sacerdos
1881 3545 1956 3597 ad
1977 3542 2206 3612 officium
2227 3543 2419 3612 missae,
2439 3549 2566 3613 post
2598 3561 2718 3597 eum
2740 3552 2840 3600 stet

1626 3615 1882 3669 diaconus
1919 3615 2107 3667 directe
2145 3613 2210 3666 in
2249 3613 2365 3682 ipso
2408 3615 2585 3683 9radu
2627 3621 2676 3668 et
2716 3618 2838 3670 sub-

1626 3685 1881 3738 diaconus
1916 3684 2094 3754 yradu
2129 3684 2296 3736 simili
2327 3685 2478 3737 modo
2499 3705 2516 3736 .·
2560 3690 2607 3738 et
2641 3689 2841 3755 thties

1625 3757 1870 3808 convertit
1916 3771 1970 3808 se
2015 3754 2250 3807 sacerdos
2297 3755 2373 3808 ad
2400 3756 2668 3824 pqmlum
2716 3758 2838 3812 dia-

1624 3842 1786 3878 conus
1820 3842 1873 3879 se
1914 3825 2157 3877 similiter
2189 3830 2461 3879 convertat.
2551 3825 2839 3882 Subdiaco·

1625 3912 1732 3949 nus
1764 3912 1879 3949 vero
1909 3896 2121 3949 interim
2149 3910 2290 3963 yenu
2565 3896 2630 3949 de
2656 3901 2842 3953 casada

1626 3966 1904 4020 sacerdotis
1925 3965 2167 4034 aptanda
2187 3965 2557 4019 subministret.
2621 3966 2845 4038 Incepta

1626 4052 1740 4089 vsro
1792 4036 1984 4090 ultima
2042 4034 2290 4089 Oratione
2339 4040 2463 4090 ante
2518 4035 2837 4109 Epi-swam,

1625 4106 1808 4160 casula
1853 4105 2065 4158 interim
2111 4104 2344 4173 deposita
2396 4110 2533 4159 retro
2580 4124 2840 4177 ma9num

1625 4177 1804 4243 altare,
1828 4176 2177 4230 subdiaconus
2187 4191 2292 4244 per
2314 4176 2545 4229 medium
2573 4176 2744 4231 Ohori
2765 4182 2842 4235 ad

1624 4246 1893 4370 gyrzzidam
1904 4245 2202 4314 Epistolam
2219 4245 2282 4298 in
2299 4246 2521 4315 Pulpito
2538 4248 2842 4304 accedat.—
