2975 5009
175 219 304 288 649

187 388 333 456 nihil
358 390 461 454 sub
486 388 660 454 dubio
688 394 775 452 est
814 387 1120 467 agendum,
1147 387 1245 452 ubi
1271 406 1396 476 oer-

188 468 408 534 tissime
455 476 542 534 est
586 466 908 537 dicendum,
949 465 1079 531 Hoc
1120 474 1197 531 aet
1243 485 1396 530 enm

191 566 391 624 corpus
435 565 621 610 meum
662 551 722 606 et
766 543 889 610 Hic
929 552 1006 609 cst
1049 544 1202 608 enim
1245 543 1398 608 Galim

193 623 492 701 sanquinis
518 623 648 684 νηοί.
730 622 884 690 Item
906 622 1120 688 oblatas
1136 620 1399 688 conveni-

198 711 360 770 entes
414 701 605 779 eligat,
653 708 712 759 et
766 701 959 768 vinum
1011 707 1400 778 competenter

199 780 490 851 infundam
520 781 653 856 quia
673 778 777 842 hoc
796 786 1209 842 sacramentum
1232 778 1404 842 debet

200 860 458 918 sensibus
497 858 779 915 deservire
820 859 893 920 ad
922 858 1249 929 videndum,
1277 865 1403 919 tan-

202 939 472 1016 gendum,
500 948 560 996 et
585 936 959 1014 gustandum
999 944 1067 1000 ut
1091 955 1284 1002 seusus
1314 953 1403 998 re·

205 1016 430 1083 ficiatur
476 1034 553 1079 ex
604 1014 806 1100 specie,
860 1023 921 1074 et
966 1013 1285 1078 intellectus
1331 1032 1406 1078 ex

205 1115 269 1161 re
296 1101 563 1160 contenta
586 1092 859 1159 foveatur.
940 1092 1108 1186 Aqua
1137 1092 1310 1156 etiam
1344 1091 1406 1155 iu

207 1172 537 1251 parvissima
580 1171 900 1249 quantitate
946 1171 1299 1241 mundatur,
1341 1178 1408 1232 ut

208 1273 245 1317 a,
290 1251 421 1308 vino
465 1252 833 1316 absorbeatur
878 1256 938 1308 et
990 1268 1247 1327 saporem
1294 1246 1411 1312 vini

209 1328 486 1408 recipiat3
554 1348 669 1385 non
723 1334 810 1385 est
876 1328 1029 1386 enim
1098 1325 1410 1405 periculum

210 1414 703 1487 quantumcunque
758 1406 1039 1470 modicum
1095 1413 1413 1483 apponatur

213 1488 287 1546 de
337 1505 528 1570 aqua3
596 1494 684 1550 est
736 1491 927 1550 autem
994 1482 1308 1563 periculum
1363 1482 1411 1547 si

214 1563 477 1630 multum.
528 1562 863 1641 Apponitur
879 1562 1052 1627 etiam
1068 1582 1213 1639 aqua
1228 1561 1410 1626 solum

214 1641 763 1721 adsignificandum.
838 1640 1085 1707 seduna
1180 1647 1268 1704 tta
1285 1649 1412 1700 tan·

215 1729 341 1779 tum
380 1719 665 1799 significat
706 1728 981 1796 quantum
1021 1719 1098 1776 m‘
1146 1738 1194 1776 e.
1273 1718 1415 1780 Ideo

216 1808 413 1866 caveat
458 1797 713 1864 sacerdos
760 1817 834 1861 ne
875 1817 1004 1862 cum
1058 1797 1274 1875 impetu
1328 1798 1414 1854 in-

221 1877 441 1949 fundat,
470 1896 544 1934 ne
570 1875 739 1936 nimis
766 1876 947 1940 cadat.

296 1956 494 2020 Tertia
538 1963 644 2024 est,
690 1961 757 2016 ut
806 1954 1096 2016 Canonem
1145 1952 1419 2016 morosius

216 2033 373 2112 legat
403 2052 573 2110 quam
607 2039 831 2096 caetera.
913 2032 992 2098 Et
1028 2031 1313 2109 praecipue
1346 2033 1418 2094 ab

219 2112 317 2171 illo
354 2110 492 2185 loce,
544 2109 662 2177 Qui
693 2110 892 2186 pridie
928 2130 1101 2185 quam
1130 2115 1421 2186 pateretur

218 2190 448 2266 accepit.
530 2191 692 2250 Tunc
726 2188 879 2251 enim
916 2187 1201 2266 respirans
1234 2194 1418 2251 atten-

219 2269 357 2334 dere
389 2268 579 2339 debet,
619 2275 680 2333 et
719 2285 779 2333 se
828 2274 1012 2332 totum
1052 2265 1331 2343 colligere,
1374 2265 1421 2328 si

220 2347 379 2426 prius
421 2365 536 2411 uon
582 2344 788 2423 potuit,
831 2344 917 2408 sin
995 2343 1063 2407 lis
1103 2344 1291 2410 verbis
1333 2342 1417 2406 in-

221 2424 483 2490 tendens.
595 2423 676 2489 Et
727 2423 864 2488 dum
946 2421 1119 2488 ixei-it
1163 2421 1424 2498 Accipite

222 2511 274 2570 et
313 2502 648 2568 manducate
681 2521 746 2558 em
787 2501 885 2562 hoo
931 2521 1114 2560 omnes
1160 2502 1422 2578 respiret,

224 2589 285 2648 et
324 2600 439 2644 uno
477 2580 680 2656 spiritu
718 2579 947 2644 tractim
987 2579 1139 2642 dicat
1179 2576 1309 2638 Hoc
1350 2586 1427 2640 eat

224 2659 379 2722 enim
405 2678 603 2734 corpus
627 2677 812 2718 meum
834 2679 859 2729 ;
898 2658 977 2718 sic
1002 2676 1117 2720 non
1145 2655 1426 2720 immiscet

225 2759 287 2804 se
325 2735 438 2800 alia
474 2735 758 2822 cogitatio.
840 2735 979 2796 Non
1020 2735 1174 2796 enim
1202 2735 1427 2796 videtur

227 2836 347 2882 esse
385 2812 716 2876 rationabile
742 2813 1158 2878 discontinuare
1185 2810 1427 2876 formam

226 2906 348 2954 tam
398 2896 644 2963 brevem,
687 2900 804 2950 tam
851 2893 1104 2964 arduam,
1144 2898 1264 2952 tam
1305 2890 1431 2956 effi-

229 2992 439 3043 cacem,
474 2972 632 3049 cujus
666 2978 789 3032 tota
822 2970 1001 3033 virtus
1039 2969 1324 3047 dependet
1360 2971 1430 3026 ab

231 3051 436 3112 ultimo
477 3052 666 3120 verbo,
700 3048 911 3112 scilicet
945 3067 1147 3118 meum,
1188 3047 1340 3124 quod
1373 3047 1429 3110 in

233 3148 477 3209 persona,
514 3128 729 3192 Christi
773 3127 996 3192 dicitur.
1096 3125 1273 3189 Unde
1319 3145 1433 3188 non

232 3209 407 3270 debet
446 3206 672 3270 cuilibet
699 3207 871 3264 verbo
910 3210 1147 3283 punctus
1184 3204 1434 3281 imponi;

236 3305 365 3344 cum
393 3285 453 3348 id
480 3284 636 3348 nulla
653 3284 873 3350 ratione
892 3281 1076 3344 valeat
1101 3289 1166 3340 ut
1194 3282 1433 3352 dicatur,

237 3364 385 3435 Hoc,
438 3371 531 3433 est,
586 3363 756 3433 enim,
811 3382 840 3420 o
1012 3404 1026 3431 ‚
1081 3380 1282 3422 meum.
1337 3361 1437 3424 sed

239 3450 424 3508 totum
453 3440 621 3502 simul
645 3438 915 3519 proferat.
981 3439 1117 3500 Pari
1145 3438 1311 3496 modo
1332 3436 1438 3504 hoc

238 3520 395 3578 idem
417 3519 476 3575 in
495 3517 677 3576 forma
695 3517 1130 3582 consecrationis
1148 3516 1437 3595 unguinis

242 3599 588 3660 observetur.

324 3674 497 3745 Item,
539 3671 876 3751 proferendo
903 3675 1074 3739 verba
1106 3674 1440 3738 consecrati·

242 3753 368 3822 onis
392 3752 538 3816 circa
575 3749 887 3829 quamlibet
918 3752 1233 3821 materiam,
1262 3771 1440 3816 sacer*

242 3834 345 3896 dos
373 3850 598 3910 semper
624 3830 884 3894 intendat
902 3830 1179 3890 conficere
1204 3830 1264 3892 id
1289 3830 1442 3907 quod

242 3910 505 3974 Christus
532 3908 780 3974 instituit
808 3916 868 3966 et
892 3907 1139 3973 Ecclesia
1162 3905 1314 3972 facit.

324 3988 540 4056 Quarta
592 3999 699 4058 est,
751 3994 818 4046 ut
868 3986 916 4050 si
978 3986 1170 4064 plures
1234 3984 1444 4048 hostias

247 4066 422 4130 habet
458 4085 802 4135 consecrare,
829 4065 1001 4130 debet
1039 4064 1238 4127 harum
1272 4084 1442 4126 unam

246 4145 465 4212 elevare
480 4164 650 4221 quam
666 4144 772 4206 sibi
787 4144 1158 4221 deputaverat
1177 4162 1211 4200 a
1236 4143 1444 4221 princi-

249 4323 277 4353 *
312 4313 392 4374 iia
414 4312 500 4372 26.
523 4311 610 4370 ce.
650 4309 1161 4381 diligentem—551².

248 4385 277 4423 b
313 4382 607 4437 secundum
638 4378 1020 4449 aliquos—26.

243 4466 267 4493 0
311 4453 391 4508 ita
413 4453 498 4507 26.
528 4452 616 4506 Sco.
655 4449 1092 4522 guttam.—-55P.

1108 231 1467 286 CAUTELAE
1500 232 1755 287 ulsSAE.

2573 214 2704 282 650

1505 390 1602 469 pio
1627 387 1701 452 ad
1740 387 1991 459 missam.
2019 395 2080 450 et
2105 395 2302 451 teneat
2343 386 2497 450 illam
2538 405 2715 465 penes

1507 467 1661 538 alias,
1702 466 1784 530 ita
1821 466 1974 545 quod
2012 466 2192 528 visum
2234 475 2296 528 et
2334 466 2714 530 intentionem

1509 546 1584 610 ad
1624 564 1820 609 omnes
1859 543 2025 608 simul
2065 544 2296 623 dirigat.
2337 552 2397 608 et
2436 544 2715 624 signando

1513 632 1572 689 et
1596 623 1833 688 dicendo
1870 623 1997 684 Hoc
2023 631 2097 686 est
2123 622 2276 686 enim
2303 643 2500 700 corpus
2532 641 2718 686 meum

1513 721 1709 768 omues
1735 702 1947 778 cogitet
1973 721 2108 778 quas
2134 702 2508 764 demonstrat.

1608 778 1964 844 Consulimus
2015 800 2236 857 quoque
2301 788 2368 842 ut
2428 779 2718 844 canonem

1516 860 1814 937 presbyter
1870 865 1900 895 ⁸
1926 860 2254 922 memoriter
2280 868 2309 900 ὃ
2365 857 2523 931 sciat,
2589 857 2722 934 quia

1516 938 1773 1000 devotius
1797 936 2039 1008 dicitur3
2081 955 2307 1013 semper
2343 944 2536 1001 tamen
2575 935 2722 998 liber

1518 1014 1817 1085 habeatur,
1873 1024 1937 1080 ut
1997 1015 2071 1080 ad
2137 1014 2323 1093 ipsum
2390 1014 2723 1079 memoriter

1519 1101 1861 1158 recurratur.

1603 1170 1821 1239 Quinta
1841 1178 1944 1242 est,
1966 1179 2032 1235 ut
2051 1171 2187 1234 dum
2208 1179 2413 1241 sumat,
2434 1190 2722 1248 nunquam

1521 1270 1636 1315 unc
1656 1249 1864 1314 haustu
1884 1249 2112 1314 calicem
2135 1260 2348 1320 sumam
2390 1270 2464 1310 ne
2492 1259 2726 1327 propter

1522 1327 1798 1406 impetum
1822 1328 1989 1387 tussis
2009 1327 2300 1407 inopinate
2318 1335 2598 1399 occurrat3
2627 1327 2727 1388 sed

1525 1407 1611 1471 bis
1653 1405 1740 1470 vel
1788 1412 1879 1466 ter
1925 1415 2088 1472 caute
2131 1414 2337 1477 sumat,
2378 1413 2444 1470 ut
2485 1406 2564 1472 im
2607 1405 2726 1470 cdi-

1526 1493 1782 1548 mentum
1812 1503 1926 1548 non
1953 1484 2177 1548 habeat.
2276 1485 2340 1552 Si
2367 1503 2501 1548 vero
2599 1502 2729 1548 ures

1527 1562 1740 1628 hostias
1761 1562 1931 1626 debet
1950 1582 2192 1634 sumere.
2214 1570 2280 1626 ut
2305 1504 2732 1640 quandoliostia

1528 1648 1615 1704 est
1643 1641 1983 1714 renovanda,
2004 1641 2189 1719 primo
2208 1649 2395 1706 sumat
2415 1660 2536 1704 eam
2559 1659 2730 1717 quam

1528 1717 1766 1782 confecit
1792 1727 1852 1780 et
1877 1719 2247 1799 sanguinem;
2290 1726 2424 1809 post
2445 1718 2569 1782 haec
2593 1718 2731 1780 alias

1530 1818 1658 1875 qum
1709 1807 2058 1875 supet-sunm
2127 1817 2284 1859 suam
2337 1816 2496 1876 prius
2547 1805 2734 1859 sumat

1530 1895 1700 1952 quam
1726 1874 1877 1947 alias.
1907 1876 2039 1954 quia
2064 1876 2138 1938 de
2164 1876 2278 1939 suis
2303 1876 2486 1940 credit
2521 1884 2581 1935 et
2606 1875 2731 1947 soit,

1531 1954 1604 2012 de
1655 1952 1778 2011 aliis
1830 1956 2011 2017 credit
2077 1962 2138 2018 et
2205 1954 2386 2018 nescit
2413 1974 2430 2025 3
2499 1955 2732 2016 demum

1528 2032 1772 2118 desuper
1795 2031 2126 2104 ablutiones,
2154 2039 2215 2096 et
2242 2052 2358 2096 non
2396 2032 2571 2110 prius.

1611 2109 1789 2174 Sexta
1826 2120 1932 2182 ert,
1964 2119 2029 2172 ut
2068 2129 2373 2189 paucorum
2415 2109 2736 2174 nominibus

1532 2209 1592 2254 se
1617 2189 1897 2267 astringat
1922 2189 1981 2252 in
2007 2189 2268 2261 Oenon03
2309 2208 2415 2253 nec
2441 2196 2734 2266 perpetuo,

1531 2268 1633 2330 sed
1658 2268 1925 2346 quamdiu
1953 2267 2092 2332 velit
2132 2267 2319 2340 iaciat,
2346 2268 2573 2345 quando
2600 2264 2738 2328 velit

1535 2346 1804 2410 omittatz
1848 2347 1982 2424 quia
2020 2345 2214 2410 Canon
2255 2347 2326 2406 de
2368 2344 2734 2408 multitudine

1536 2424 1829 2488 nominum
1895 2423 2216 2503 prolixatur
2245 2446 2263 2497 3
2336 2432 2396 2486 et
2460 2443 2565 2502 per
2632 2422 2738 2484 hoc

1535 2502 1800 2581 cogitatio
1826 2502 2181 2566 distrahitur.
2262 2503 2517 2580 Dignum
2544 2509 2736 2564 tamen

1537 2591 1641 2651 est,
1670 2587 1736 2638 ut
1774 2588 1956 2657 pater,
1984 2592 2186 2652 mater,
2215 2581 2413 2651 frater,
2451 2599 2628 2650 soror,
2657 2579 2736 2639 ibi

1539 2659 1926 2729 nominentur,
1972 2667 2032 2722 et
2079 2660 2126 2721 si
2172 2660 2271 2738 qui
2364 2679 2429 2720 ro
2480 2667 2738 2735 tempore

1538 2736 2026 2808 commendantur,
2055 2745 2115 2799 et
2140 2680 2457 2817 speciaiiter
2484 2756 2589 2815 pro
2616 2735 2736 2812 qui·-

1540 2816 1644 2878 bus
1671 2814 1844 2878 missa
1860 2813 2194 2878 celebratur.
2276 2814 2416 2876 Non
2436 2823 2631 2877 tamen
2659 2813 2738 2874 ibi

1541 2892 1649 2956 fiat
1675 2891 1876 2956 vocalis
1903 2893 2189 2971 expressio
2215 2894 2315 2956 sed
2342 2892 2625 2954 mentalis.

1623 2971 1698 3034 Se
1739 2969 1882 3034 tima
1907 2979 2013 3041 est,
2033 2980 2099 3032 ut
2123 2980 2258 3036 ante
2284 2972 2512 3034 missam
2536 2989 2650 3033 non
2679 2989 2741 3028 os

1543 3046 1634 3107 vel
1726 3058 1886 3107 entes
1937 3048 2106 3121 lavet,
2160 3050 2260 3108 sed
2311 3058 2535 3107 tantum
2595 3048 2746 3107 labia

1544 3126 1816 3198 exterius,
1858 3146 1955 3188 ore
1993 3125 2194 3202 clauso,
2233 3129 2280 3186 si
2320 3128 2540 3208 indiget
2561 3148 2578 3200 ς
2598 3125 2628 3168 b
2669 3146 2742 3185 ne

1544 3206 1690 3264 forte
1729 3225 1891 3290 aquae
1919 3211 2184 3286 “gustum
2206 3213 2227 3239 ⁶
2259 3225 2383 3266 cum
2425 3205 2598 3268 saliva
2635 3206 2741 3263 im-

1547 3283 1755 3341 mittat.
1854 3281 1993 3344 Post
2043 3283 2269 3346 missam
2325 3284 2496 3343 etiam
2553 3294 2745 3344 caveat

1546 3360 1572 3393 ‘¹
1593 3359 1974 3420 execrationes
1992 3359 2017 3396 ⁴¹
2036 3369 2310 3439 quantum
2339 3369 2543 3439 potest,
2565 3361 2744 3421 donec

1547 3440 1856 3503 comederit
1882 3448 1941 3498 et
1968 3439 2213 3511 biberit;
2254 3460 2327 3504 ne
2350 3439 2496 3504 forte
2531 3439 2740 3517 aliquid

1549 3518 1703 3576 inter
1722 3519 1922 3578 dentes
1939 3518 2278 3578 remanserit
2295 3526 2395 3580 aut
2416 3518 2474 3579 in
2496 3517 2746 3583 faucibus

1550 3597 1698 3673 quod
1715 3596 2095 3655 ‘'execrando‘'
2112 3597 2426 3675 ejiceretur.
2477 3596 2745 3666 Quamvis

1548 3683 1739 3732 autem
1801 3675 1975 3732 missa
2038 3674 2394 3732 devotissime
2461 3674 2537 3734 sit
2602 3675 2745 3735 cele-

1550 3752 1786 3824 branda,
1839 3752 2330 3831 contemplationis
2381 3772 2543 3811 causa
2570 3774 2587 3825 3
2660 3764 2748 3814 est

1549 3838 1744 3889 tamen
1772 3830 1973 3890 modus
1997 3829 2306 3901 habendus,
2333 3850 2406 3890 ne
2486 3833 2746 3892 retracti-

1552 3928 1663 3967 one
1687 3907 1862 3968 nimia
1887 3908 1976 3967 vel
2012 3906 2409 3970 acceleratione
2479 3917 2541 3968 at
2578 3908 2749 3970 homo

1553 3985 1835 4045 notabilis.
1891 3985 1953 4046 N
1953 4008 2044 4046 am
2065 3986 2393 4047 acceleratio
2419 3986 2640 4065 signum
2662 3996 2749 4047 ent

1555 4064 1814 4135 incuriae3
1835 4065 2140 4142 protractio
2155 4073 2243 4124 est
2257 4064 2466 4124 occasio
2482 4066 2748 4125 detracti-

1556 4143 1698 4201 onis.
1781 4143 1895 4206 Sed
1923 4144 2110 4206 medio
2127 4143 2439 4205 tutissimus
2458 4143 2581 4204 ibit.
2662 4144 2750 4205 Eo

1559 4308 1585 4346 (ἱ
1623 4309 1703 4362 ita
1725 4307 1810 4362 26.
1840 4308 1928 4362 &c
1957 4309 2498 4365 excreationes-AL.
2525 4310 2658 4365 55P.

1561 4389 1584 4418 θ
1620 4379 1700 4434 ita
1723 4379 1810 4433 26.
1838 4379 1927 4434 διο.
1955 4380 2434 4437 exorande—ss.
2463 4380 2595 4435 55P.
