<?xml version="1.0" encoding="UTF-8"?>
<!DOCTYPE html PUBLIC "-//W3C//DTD XHTML 1.0 Transitional//EN"
    "http://www.w3.org/TR/xhtml1/DTD/xhtml1-transitional.dtd">
<html xmlns="http://www.w3.org/1999/xhtml" xml:lang="en" lang="en">
 <head>
  <title>
</title>
<meta http-equiv="Content-Type" content="text/html;charset=utf-8" />
  <meta name='ocr-system' content='tesseract 3.04.00' />
  <meta name='ocr-capabilities' content='ocr_page ocr_carea ocr_par ocr_line ocrx_word'/>
</head>
<body>
  <div class='ocr_page' id='page_1' title='image "./missaleadusumin00cathgoog_0200.png"; bbox 0 0 2975 5009; ppageno 0'>
   <div class='ocr_carea' id='block_1_1' title="bbox 309 231 440 295">
    <p class='ocr_par' dir='ltr' id='par_1_1' title="bbox 309 231 440 295">
     <span class='ocr_line' id='line_1_1' title="bbox 309 231 440 295; baseline -0.015 1"><span class='ocrx_word' id='word_1_1' title='bbox 309 231 440 295; x_wconf 83' lang='lat'><strong>383</strong></span> 
     </span>
    </p>
   </div>
   <div class='ocr_carea' id='block_1_2' title="bbox 310 397 1519 2435">
    <p class='ocr_par' dir='ltr' id='par_1_2' title="bbox 310 397 1519 2435">
     <span class='ocr_line' id='line_1_2' title="bbox 394 397 714 477; baseline -0.016 -17"><span class='ocrx_word' id='word_1_2' title='bbox 394 397 714 477; x_wconf 59' lang='lat' dir='ltr'><strong>Seqtoentia.</strong></span> 
     </span>
     <span class='ocr_line' id='line_1_3' title="bbox 310 475 1211 540; baseline -0.004 1"><span class='ocrx_word' id='word_1_3' title='bbox 310 502 366 540; x_wconf 82' lang='lat' dir='ltr'><strong>a.</strong></span> <span class='ocrx_word' id='word_1_4' title='bbox 410 477 638 540; x_wconf 78' lang='lat' dir='ltr'><strong>Laudes</strong></span> <span class='ocrx_word' id='word_1_5' title='bbox 665 475 942 536; x_wconf 82' lang='lat' dir='ltr'><strong>Salvatori</strong></span> <span class='ocrx_word' id='word_1_6' title='bbox 969 477 1211 537; x_wconf 80' lang='lat' dir='ltr'><strong>vo·b.-ee</strong></span> 
     </span>
     <span class='ocr_line' id='line_1_4' title="bbox 471 555 1213 634; baseline 0 -20"><span class='ocrx_word' id='word_1_7' title='bbox 471 555 930 614; x_wconf 82' lang='lat' dir='ltr'><strong>modu-c.-lemus</strong></span> <span class='ocrx_word' id='word_1_8' title='bbox 957 555 1213 634; x_wconf 90' lang='lat' dir='ltr'><strong>supplici.</strong></span> 
     </span>
     <span class='ocr_line' id='line_1_5' title="bbox 310 632 1518 771; baseline -0.005 -74"><span class='ocrx_word' id='word_1_9' title='bbox 310 637 369 696; x_wconf 82' lang='lat' dir='ltr'><strong>d.</strong></span> <span class='ocrx_word' id='word_1_10' title='bbox 410 635 501 771; x_wconf 55' lang='grc' dir='ltr'><strong>ΕΞ</strong></span> <span class='ocrx_word' id='word_1_11' title='bbox 529 635 749 693; x_wconf 85' lang='lat' dir='ltr'><strong>devotis</strong></span> <span class='ocrx_word' id='word_1_12' title='bbox 778 633 1037 693; x_wconf 81' lang='lat' dir='ltr'><strong>melodiis</strong></span> <span class='ocrx_word' id='word_1_13' title='bbox 1063 632 1275 693; x_wconf 86' lang='lat' dir='ltr'><strong>coelesti</strong></span> <span class='ocrx_word' id='word_1_14' title='bbox 1315 633 1518 692; x_wconf 89' lang='lat' dir='ltr'><strong>Domi-</strong></span> 
     </span>
     <span class='ocr_line' id='line_1_6' title="bbox 501 731 625 771; baseline -0.008 0"><span class='ocrx_word' id='word_1_15' title='bbox 501 731 625 771; x_wconf 86' lang='lat' dir='ltr'><strong>.·no</strong></span> 
     </span>
     <span class='ocr_line' id='line_1_7' title="bbox 458 787 1169 870; baseline 0.001 -21"><span class='ocrx_word' id='word_1_16' title='bbox 458 787 872 870; x_wconf 86' lang='lat' dir='ltr'><strong>jubi-c.-lemus</strong></span> <span class='ocrx_word' id='word_1_17' title='bbox 897 789 1129 850; x_wconf 81' lang='lat' dir='ltr'><strong>Messiae</strong></span> <span class='ocrx_word' id='word_1_18' title='bbox 1153 812 1169 850; x_wconf 71' lang='grc' dir='ltr'><strong><em>ε</em></strong></span> 
     </span>
     <span class='ocr_line' id='line_1_8' title="bbox 310 869 1519 948; baseline -0.003 -18"><span class='ocrx_word' id='word_1_19' title='bbox 310 872 369 930; x_wconf 80' lang='lat' dir='ltr'><strong>d.</strong></span> <span class='ocrx_word' id='word_1_20' title='bbox 415 870 532 939; x_wconf 84' lang='lat' dir='ltr'><strong>Qui</strong></span> <span class='ocrx_word' id='word_1_21' title='bbox 597 869 845 948; x_wconf 88' lang='lat' dir='ltr'><strong>seipsum</strong></span> <span class='ocrx_word' id='word_1_22' title='bbox 904 869 1240 941; x_wconf 83' lang='lat' dir='ltr'><strong>exinanivit,</strong></span> <span class='ocrx_word' id='word_1_23' title='bbox 1294 874 1361 926; x_wconf 89' lang='lat' dir='ltr'><strong>ut</strong></span> <span class='ocrx_word' id='word_1_24' title='bbox 1414 887 1519 927; x_wconf 77' lang='lat' dir='ltr'><strong>nos</strong></span> 
     </span>
     <span class='ocr_line' id='line_1_9' title="bbox 510 946 829 1006; baseline -0.003 0"><span class='ocrx_word' id='word_1_25' title='bbox 510 946 829 1006; x_wconf 85' lang='lat' dir='ltr'><strong>erdi-b.·tos</strong></span> 
     </span>
     <span class='ocr_line' id='line_1_10' title="bbox 492 1023 1147 1085; baseline -0.003 -1"><span class='ocrx_word' id='word_1_26' title='bbox 492 1028 686 1084; x_wconf 78' lang='lat' dir='ltr'><strong>ibet-c.</strong></span> <span class='ocrx_word' id='word_1_27' title='bbox 695 1034 844 1085; x_wconf 89' lang='lat' dir='ltr'><strong>-aret</strong></span> <span class='ocrx_word' id='word_1_28' title='bbox 870 1023 1147 1085; x_wconf 83' lang='lat' dir='ltr'><strong>homines.</strong></span> 
     </span>
     <span class='ocr_line' id='line_1_11' title="bbox 310 1103 855 1182; baseline -0.007 -16"><span class='ocrx_word' id='word_1_29' title='bbox 310 1129 355 1166; x_wconf 86' lang='lat' dir='ltr'><strong>e.</strong></span> <span class='ocrx_word' id='word_1_30' title='bbox 400 1105 587 1166; x_wconf 81' lang='lat' dir='ltr'><strong>Carne</strong></span> <span class='ocrx_word' id='word_1_31' title='bbox 613 1103 855 1182; x_wconf 83' lang='lat' dir='ltr'><strong>gloriam</strong></span> 
     </span>
     <span class='ocr_line' id='line_1_12' title="bbox 470 1179 1124 1241; baseline -0.005 0"><span class='ocrx_word' id='word_1_32' title='bbox 470 1182 822 1241; x_wconf 82' lang='lat' dir='ltr'><strong>Dei-c.-tatis</strong></span> <span class='ocrx_word' id='word_1_33' title='bbox 849 1179 1124 1240; x_wconf 81' lang='lat' dir='ltr'><strong>occulens.</strong></span> 
     </span>
     <span class='ocr_line' id='line_1_13' title="bbox 312 1261 857 1338; baseline -0.007 -16"><span class='ocrx_word' id='word_1_34' title='bbox 312 1286 357 1323; x_wconf 90' lang='lat' dir='ltr'><strong>e.</strong></span> <span class='ocrx_word' id='word_1_35' title='bbox 402 1262 615 1321; x_wconf 87' lang='lat' dir='ltr'><strong>Pannis</strong></span> <span class='ocrx_word' id='word_1_36' title='bbox 639 1261 857 1338; x_wconf 83' lang='lat' dir='ltr'><strong>tegitur</strong></span> 
     </span>
     <span class='ocr_line' id='line_1_14' title="bbox 472 1337 1226 1418; baseline -0.007 -19"><span class='ocrx_word' id='word_1_37' title='bbox 472 1344 533 1400; x_wconf 91' lang='lat' dir='ltr'><strong>in</strong></span> <span class='ocrx_word' id='word_1_38' title='bbox 561 1337 921 1418; x_wconf 62' lang='lat' dir='ltr'><strong>praef-sepi,</strong></span> <span class='ocrx_word' id='word_1_39' title='bbox 951 1337 1226 1397; x_wconf 89' lang='lat' dir='ltr'><strong>miserans</strong></span> 
     </span>
     <span class='ocr_line' id='line_1_15' title="bbox 469 1417 1262 1498; baseline -0.005 -22"><span class='ocrx_word' id='word_1_40' title='bbox 469 1417 741 1498; x_wconf 67' lang='lat' dir='ltr'><strong>praecepti</strong></span> <span class='ocrx_word' id='word_1_41' title='bbox 766 1426 1262 1496; x_wconf 82' lang='lat' dir='ltr'><strong>transgressorem,</strong></span> 
     </span>
     <span class='ocr_line' id='line_1_16' title="bbox 313 1496 1055 1576; baseline -0.008 -19"><span class='ocrx_word' id='word_1_42' title='bbox 313 1520 359 1557; x_wconf 89' lang='lat' dir='ltr'><strong>e.</strong></span> <span class='ocrx_word' id='word_1_43' title='bbox 468 1497 691 1576; x_wconf 91' lang='lat' dir='ltr'><strong>pulsum</strong></span> <span class='ocrx_word' id='word_1_44' title='bbox 759 1496 923 1566; x_wconf 89' lang='lat' dir='ltr'><strong>atria,</strong></span> <span class='ocrx_word' id='word_1_45' title='bbox 1049 1558 1055 1563; x_wconf 44' lang='lat'><strong><em>‚</em></strong></span> 
     </span>
     <span class='ocr_line' id='line_1_17' title="bbox 469 1571 1139 1655; baseline -0.01 -20"><span class='ocrx_word' id='word_1_46' title='bbox 469 1595 702 1655; x_wconf 87' lang='lat' dir='ltr'><strong>para-c.·</strong></span> <span class='ocrx_word' id='word_1_47' title='bbox 747 1574 816 1632; x_wconf 91' lang='lat' dir='ltr'><strong>isi</strong></span> <span class='ocrx_word' id='word_1_48' title='bbox 841 1571 1139 1630; x_wconf 88' lang='lat' dir='ltr'><strong>nudulum.</strong></span> 
     </span>
     <span class='ocr_line' id='line_1_18' title="bbox 315 1651 893 1734; baseline -0.01 -19"><span class='ocrx_word' id='word_1_49' title='bbox 315 1679 359 1715; x_wconf 83' lang='lat' dir='ltr'><strong>e.</strong></span> <span class='ocrx_word' id='word_1_50' title='bbox 400 1655 640 1734; x_wconf 88' lang='lat' dir='ltr'><strong>Joseph,</strong></span> <span class='ocrx_word' id='word_1_51' title='bbox 666 1651 893 1724; x_wconf 79' lang='lat' dir='ltr'><strong>Mariae,</strong></span> 
     </span>
     <span class='ocr_line' id='line_1_19' title="bbox 472 1729 1140 1794; baseline -0.013 0"><span class='ocrx_word' id='word_1_52' title='bbox 472 1731 827 1794; x_wconf 84' lang='lat' dir='ltr'><strong>Sime-c.·oni</strong></span> <span class='ocrx_word' id='word_1_53' title='bbox 861 1729 1140 1790; x_wconf 84' lang='lat' dir='ltr'><strong>subditur.</strong></span> 
     </span>
     <span class='ocr_line' id='line_1_20' title="bbox 315 1809 862 1879; baseline -0.011 -8"><span class='ocrx_word' id='word_1_54' title='bbox 315 1835 360 1871; x_wconf 88' lang='lat' dir='ltr'><strong>e.</strong></span> <span class='ocrx_word' id='word_1_55' title='bbox 404 1809 862 1879; x_wconf 76' lang='lat' dir='ltr'><strong>circumciditur,</strong></span> 
     </span>
     <span class='ocr_line' id='line_1_21' title="bbox 471 1884 1034 1966; baseline -0.012 -17"><span class='ocrx_word' id='word_1_56' title='bbox 471 1899 531 1949; x_wconf 91' lang='lat' dir='ltr'><strong>et</strong></span> <span class='ocrx_word' id='word_1_57' title='bbox 558 1887 823 1966; x_wconf 53' lang='lat' dir='ltr'><strong>ledi-gali</strong></span> <span class='ocrx_word' id='word_1_58' title='bbox 848 1884 1034 1944; x_wconf 89' lang='lat' dir='ltr'><strong>hostia</strong></span> 
     </span>
     <span class='ocr_line' id='line_1_22' title="bbox 468 1969 1171 2043; baseline -0.009 -17"><span class='ocrx_word' id='word_1_59' title='bbox 468 1969 776 2026; x_wconf 89' lang='lat' dir='ltr'><strong>mundatur</strong></span> <span class='ocrx_word' id='word_1_60' title='bbox 801 1973 868 2023; x_wconf 93' lang='lat' dir='ltr'><strong>ut</strong></span> <span class='ocrx_word' id='word_1_61' title='bbox 893 1970 1171 2043; x_wconf 86' lang='lat' dir='ltr'><strong>peccator,</strong></span> 
     </span>
     <span class='ocr_line' id='line_1_23' title="bbox 315 2041 1021 2123; baseline -0.011 -16"><span class='ocrx_word' id='word_1_62' title='bbox 315 2070 360 2107; x_wconf 86' lang='lat' dir='ltr'><strong>e.</strong></span> <span class='ocrx_word' id='word_1_63' title='bbox 466 2055 665 2105; x_wconf 91' lang='lat' dir='ltr'><strong>nostra</strong></span> <span class='ocrx_word' id='word_1_64' title='bbox 689 2044 786 2123; x_wconf 87' lang='lat' dir='ltr'><strong>qui</strong></span> <span class='ocrx_word' id='word_1_65' title='bbox 813 2041 957 2101; x_wconf 90' lang='lat' dir='ltr'><strong>solet</strong></span> <span class='ocrx_word' id='word_1_66' title='bbox 1016 2056 1021 2061; x_wconf 84' lang='grc'><strong>’</strong></span> 
     </span>
     <span class='ocr_line' id='line_1_24' title="bbox 473 2118 1125 2183; baseline -0.015 0"><span class='ocrx_word' id='word_1_67' title='bbox 473 2125 836 2183; x_wconf 83' lang='lat' dir='ltr'><strong>relax-c.-are</strong></span> <span class='ocrx_word' id='word_1_68' title='bbox 868 2118 1125 2179; x_wconf 88' lang='lat' dir='ltr'><strong>crimina.</strong></span> 
     </span>
     <span class='ocr_line' id='line_1_25' title="bbox 314 2200 778 2280; baseline -0.006 -19"><span class='ocrx_word' id='word_1_69' title='bbox 314 2226 368 2280; x_wconf 79' lang='lat'><strong>9.</strong></span> <span class='ocrx_word' id='word_1_70' title='bbox 414 2202 578 2265; x_wconf 87' lang='lat' dir='ltr'><strong>Servi</strong></span> <span class='ocrx_word' id='word_1_71' title='bbox 606 2200 778 2259; x_wconf 90' lang='lat' dir='ltr'><strong>subiit</strong></span> 
     </span>
     <span class='ocr_line' id='line_1_26' title="bbox 316 2274 1095 2354; baseline -0.015 -14"><span class='ocrx_word' id='word_1_72' title='bbox 316 2284 371 2340; x_wconf 85' lang='grc' dir='ltr'><strong>Ιι.</strong></span> <span class='ocrx_word' id='word_1_73' title='bbox 479 2299 678 2338; x_wconf 89' lang='lat' dir='ltr'><strong>manus</strong></span> <span class='ocrx_word' id='word_1_74' title='bbox 707 2274 1095 2354; x_wconf 85' lang='lat' dir='ltr'><strong>baptizandus,</strong></span> 
     </span>
     <span class='ocr_line' id='line_1_27' title="bbox 472 2349 1371 2435; baseline -0.012 -18"><span class='ocrx_word' id='word_1_75' title='bbox 472 2369 533 2417; x_wconf 89' lang='lat' dir='ltr'><strong>et</strong></span> <span class='ocrx_word' id='word_1_76' title='bbox 559 2355 775 2435; x_wconf 86' lang='lat' dir='ltr'><strong>perfert</strong></span> <span class='ocrx_word' id='word_1_77' title='bbox 799 2353 1025 2411; x_wconf 88' lang='lat' dir='ltr'><strong>fraudes</strong></span> <span class='ocrx_word' id='word_1_78' title='bbox 1052 2349 1371 2420; x_wconf 87' lang='lat' dir='ltr'><strong>tentatoris,</strong></span> 
     </span>
    </p>
   </div>
   <div class='ocr_carea' id='block_1_3' title="bbox 308 2426 1469 4381">
    <p class='ocr_par' dir='ltr' id='par_1_3' title="bbox 308 2426 1469 4381">
     <span class='ocr_line' id='line_1_28' title="bbox 473 2426 1469 2515; baseline -0.01 -21"><span class='ocrx_word' id='word_1_79' title='bbox 473 2435 620 2515; x_wconf 92' lang='lat' dir='ltr'><strong>fugit</strong></span> <span class='ocrx_word' id='word_1_80' title='bbox 645 2429 1208 2513; x_wconf 87' lang='lat' dir='ltr'><strong>perse-c.-quentium</strong></span> <span class='ocrx_word' id='word_1_81' title='bbox 1235 2426 1469 2506; x_wconf 79' lang='lat' dir='ltr'><strong>lapideS,</strong></span> 
     </span>
     <span class='ocr_line' id='line_1_29' title="bbox 316 2513 914 2591; baseline -0.012 -18"><span class='ocrx_word' id='word_1_82' title='bbox 316 2537 371 2591; x_wconf 81' lang='lat'><strong>9.</strong></span> <span class='ocrx_word' id='word_1_83' title='bbox 415 2514 653 2573; x_wconf 86' lang='lat' dir='ltr'><strong>Famem</strong></span> <span class='ocrx_word' id='word_1_84' title='bbox 681 2513 914 2590; x_wconf 91' lang='lat' dir='ltr'><strong>patitur,</strong></span> 
     </span>
     <span class='ocr_line' id='line_1_30' title="bbox 319 2589 1084 2658; baseline -0.01 -7"><span class='ocrx_word' id='word_1_85' title='bbox 319 2595 374 2651; x_wconf 85' lang='grc' dir='ltr'><strong>Ιι.</strong></span> <span class='ocrx_word' id='word_1_86' title='bbox 480 2591 694 2651; x_wconf 89' lang='lat' dir='ltr'><strong>dormit</strong></span> <span class='ocrx_word' id='word_1_87' title='bbox 720 2598 779 2649; x_wconf 90' lang='lat' dir='ltr'><strong>et</strong></span> <span class='ocrx_word' id='word_1_88' title='bbox 805 2589 1084 2658; x_wconf 85' lang='lat' dir='ltr'><strong>tristatur,</strong></span> 
     </span>
     <span class='ocr_line' id='line_1_31' title="bbox 474 2664 1225 2745; baseline -0.011 -16"><span class='ocrx_word' id='word_1_89' title='bbox 474 2691 540 2729; x_wconf 88' lang='lat' dir='ltr'><strong>ac</strong></span> <span class='ocrx_word' id='word_1_90' title='bbox 566 2669 718 2728; x_wconf 84' lang='lat' dir='ltr'><strong>lavat</strong></span> <span class='ocrx_word' id='word_1_91' title='bbox 743 2664 1026 2745; x_wconf 84' lang='lat' dir='ltr'><strong>discipulis</strong></span> <span class='ocrx_word' id='word_1_92' title='bbox 1053 2664 1225 2742; x_wconf 87' lang='lat' dir='ltr'><strong>pedes</strong></span> 
     </span>
     <span class='ocr_line' id='line_1_32' title="bbox 478 2739 1441 2808; baseline -0.008 0"><span class='ocrx_word' id='word_1_93' title='bbox 478 2750 634 2808; x_wconf 89' lang='lat' dir='ltr'><strong>Deus</strong></span> <span class='ocrx_word' id='word_1_94' title='bbox 658 2746 831 2806; x_wconf 90' lang='lat' dir='ltr'><strong>homo</strong></span> <span class='ocrx_word' id='word_1_95' title='bbox 856 2767 902 2803; x_wconf 88' lang='lat' dir='ltr'><strong>c.</strong></span> <span class='ocrx_word' id='word_1_96' title='bbox 932 2762 1185 2803; x_wconf 88' lang='lat' dir='ltr'><strong>summus</strong></span> <span class='ocrx_word' id='word_1_97' title='bbox 1210 2739 1441 2800; x_wconf 88' lang='lat' dir='ltr'><strong>humilis</strong></span> 
     </span>
     <span class='ocr_line' id='line_1_33' title="bbox 319 2826 921 2888; baseline -0.012 -1"><span class='ocrx_word' id='word_1_98' title='bbox 319 2851 364 2887; x_wconf 89' lang='lat' dir='ltr'><strong>e.</strong></span> <span class='ocrx_word' id='word_1_99' title='bbox 408 2827 520 2888; x_wconf 86' lang='lat' dir='ltr'><strong>Sed</strong></span> <span class='ocrx_word' id='word_1_100' title='bbox 546 2836 741 2886; x_wconf 89' lang='lat' dir='ltr'><strong>tamen</strong></span> <span class='ocrx_word' id='word_1_101' title='bbox 766 2826 921 2883; x_wconf 88' lang='lat' dir='ltr'><strong>inter</strong></span> 
     </span>
     <span class='ocr_line' id='line_1_34' title="bbox 478 2897 1241 2982; baseline -0.014 -17"><span class='ocrx_word' id='word_1_102' title='bbox 478 2905 601 2965; x_wconf 85' lang='lat' dir='ltr'><strong>haec</strong></span> <span class='ocrx_word' id='word_1_103' title='bbox 627 2904 950 2982; x_wconf 85' lang='lat' dir='ltr'><strong>ab-c.·jecta</strong></span> <span class='ocrx_word' id='word_1_104' title='bbox 974 2897 1241 2978; x_wconf 89' lang='lat' dir='ltr'><strong>corporis,</strong></span> 
     </span>
     <span class='ocr_line' id='line_1_35' title="bbox 320 2984 773 3064; baseline -0.011 -20"><span class='ocrx_word' id='word_1_105' title='bbox 320 3009 364 3044; x_wconf 88' lang='lat' dir='ltr'><strong>e.</strong></span> <span class='ocrx_word' id='word_1_106' title='bbox 408 2985 549 3064; x_wconf 86' lang='lat' dir='ltr'><strong>Ejus</strong></span> <span class='ocrx_word' id='word_1_107' title='bbox 575 2984 773 3043; x_wconf 89' lang='lat' dir='ltr'><strong>Deitas</strong></span> 
     </span>
     <span class='ocr_line' id='line_1_36' title="bbox 478 3053 1360 3142; baseline -0.014 -20"><span class='ocrx_word' id='word_1_108' title='bbox 478 3062 929 3142; x_wconf 83' lang='lat' dir='ltr'><strong>nequa-i.-quam</strong></span> <span class='ocrx_word' id='word_1_109' title='bbox 957 3055 1139 3136; x_wconf 86' lang='lat' dir='ltr'><strong>quivit</strong></span> <span class='ocrx_word' id='word_1_110' title='bbox 1163 3053 1360 3124; x_wconf 89' lang='lat' dir='ltr'><strong>latere,</strong></span> 
     </span>
     <span class='ocr_line' id='line_1_37' title="bbox 319 3139 841 3221; baseline -0.011 -20"><span class='ocrx_word' id='word_1_111' title='bbox 319 3165 365 3201; x_wconf 86' lang='lat' dir='ltr'><strong>e.</strong></span> <span class='ocrx_word' id='word_1_112' title='bbox 473 3142 648 3221; x_wconf 87' lang='lat' dir='ltr'><strong>signis</strong></span> <span class='ocrx_word' id='word_1_113' title='bbox 673 3139 841 3198; x_wconf 83' lang='lat' dir='ltr'><strong>variis</strong></span> 
     </span>
     <span class='ocr_line' id='line_1_38' title="bbox 477 3209 1286 3293; baseline -0.014 -14"><span class='ocrx_word' id='word_1_114' title='bbox 477 3230 535 3279; x_wconf 90' lang='lat' dir='ltr'><strong>et</strong></span> <span class='ocrx_word' id='word_1_115' title='bbox 566 3216 940 3278; x_wconf 84' lang='lat' dir='ltr'><strong>doc-c.-trinis</strong></span> <span class='ocrx_word' id='word_1_116' title='bbox 966 3222 994 3251; x_wconf 77' lang='lat'>⁸</span> <span class='ocrx_word' id='word_1_117' title='bbox 1012 3209 1286 3293; x_wconf 61' lang='lat' dir='ltr'><strong>proditas*</strong></span> 
     </span>
     <span class='ocr_line' id='line_1_39' title="bbox 318 3295 880 3377; baseline -0.009 -19"><span class='ocrx_word' id='word_1_118' title='bbox 318 3323 364 3358; x_wconf 85' lang='lat' dir='ltr'><strong>e.</strong></span> <span class='ocrx_word' id='word_1_119' title='bbox 411 3299 639 3377; x_wconf 90' lang='lat' dir='ltr'><strong>Aquam</strong></span> <span class='ocrx_word' id='word_1_120' title='bbox 667 3295 880 3375; x_wconf 90' lang='lat' dir='ltr'><strong>nuptiis</strong></span> 
     </span>
     <span class='ocr_line' id='line_1_40' title="bbox 475 3368 1110 3452; baseline -0.013 -17"><span class='ocrx_word' id='word_1_121' title='bbox 475 3380 575 3435; x_wconf 88' lang='lat' dir='ltr'><strong>dat</strong></span> <span class='ocrx_word' id='word_1_122' title='bbox 599 3373 916 3452; x_wconf 87' lang='lat' dir='ltr'><strong>sa-c.-poris</strong></span> <span class='ocrx_word' id='word_1_123' title='bbox 941 3368 1110 3429; x_wconf 84' lang='lat' dir='ltr'><strong>vinei.</strong></span> 
     </span>
     <span class='ocr_line' id='line_1_41' title="bbox 317 3452 810 3518; baseline -0.01 -4"><span class='ocrx_word' id='word_1_124' title='bbox 317 3478 364 3515; x_wconf 84' lang='lat' dir='ltr'><strong>e.</strong></span> <span class='ocrx_word' id='word_1_125' title='bbox 405 3455 598 3518; x_wconf 81' lang='lat' dir='ltr'><strong>Coecos</strong></span> <span class='ocrx_word' id='word_1_126' title='bbox 625 3452 810 3512; x_wconf 89' lang='lat' dir='ltr'><strong>oculos</strong></span> 
     </span>
     <span class='ocr_line' id='line_1_42' title="bbox 475 3522 1228 3593; baseline -0.02 0"><span class='ocrx_word' id='word_1_127' title='bbox 475 3534 626 3593; x_wconf 87' lang='lat' dir='ltr'><strong>claro</strong></span> <span class='ocrx_word' id='word_1_128' title='bbox 651 3533 694 3590; x_wconf 70' lang='lat' dir='ltr'><strong>i.</strong></span> <span class='ocrx_word' id='word_1_129' title='bbox 723 3528 937 3588; x_wconf 89' lang='lat' dir='ltr'><strong>lumine</strong></span> <span class='ocrx_word' id='word_1_130' title='bbox 963 3522 1191 3585; x_wconf 84' lang='lat' dir='ltr'><strong>vestivit</strong></span> <span class='ocrx_word' id='word_1_131' title='bbox 1212 3542 1228 3592; x_wconf 91' lang='lat'>;</span> 
     </span>
     <span class='ocr_line' id='line_1_43' title="bbox 315 3607 955 3691; baseline -0.016 -17"><span class='ocrx_word' id='word_1_132' title='bbox 315 3637 363 3674; x_wconf 85' lang='lat' dir='ltr'><strong>e.</strong></span> <span class='ocrx_word' id='word_1_133' title='bbox 470 3611 686 3691; x_wconf 89' lang='lat' dir='ltr'><strong>lepram</strong></span> <span class='ocrx_word' id='word_1_134' title='bbox 711 3607 955 3666; x_wconf 88' lang='lat' dir='ltr'><strong>luridam</strong></span> 
     </span>
     <span class='ocr_line' id='line_1_44' title="bbox 474 3679 1158 3764; baseline -0.023 -12"><span class='ocrx_word' id='word_1_135' title='bbox 474 3700 629 3750; x_wconf 84' lang='lat' dir='ltr'><strong>tactu</strong></span> <span class='ocrx_word' id='word_1_136' title='bbox 655 3710 700 3748; x_wconf 87' lang='lat' dir='ltr'><strong>c.</strong></span> <span class='ocrx_word' id='word_1_137' title='bbox 730 3688 891 3764; x_wconf 82' lang='lat' dir='ltr'><strong>fugat</strong></span> <span class='ocrx_word' id='word_1_138' title='bbox 917 3679 1158 3760; x_wconf 87' lang='lat' dir='ltr'><strong>placido.</strong></span> 
     </span>
     <span class='ocr_line' id='line_1_45' title="bbox 314 3765 1176 3830; baseline -0.017 0"><span class='ocrx_word' id='word_1_139' title='bbox 314 3772 372 3830; x_wconf 77' lang='lat' dir='ltr'><strong>k.</strong></span> <span class='ocrx_word' id='word_1_140' title='bbox 416 3769 624 3830; x_wconf 89' lang='lat' dir='ltr'><strong>Putres</strong></span> <span class='ocrx_word' id='word_1_141' title='bbox 649 3765 879 3826; x_wconf 86' lang='lat' dir='ltr'><strong>suscitat</strong></span> <span class='ocrx_word' id='word_1_142' title='bbox 905 3767 1176 3828; x_wconf 87' lang='lat' dir='ltr'><strong>mortuos,</strong></span> 
     </span>
     <span class='ocr_line' id='line_1_46' title="bbox 474 3833 1275 3921; baseline -0.024 -13"><span class='ocrx_word' id='word_1_143' title='bbox 474 3849 839 3921; x_wconf 84' lang='lat' dir='ltr'><strong>membraque</strong></span> <span class='ocrx_word' id='word_1_144' title='bbox 865 3845 1024 3898; x_wconf 88' lang='lat' dir='ltr'><strong>curat</strong></span> <span class='ocrx_word' id='word_1_145' title='bbox 1052 3833 1275 3895; x_wconf 89' lang='lat' dir='ltr'><strong>debilia.</strong></span> 
     </span>
     <span class='ocr_line' id='line_1_47' title="bbox 310 3911 1356 3999; baseline -0.018 -12"><span class='ocrx_word' id='word_1_146' title='bbox 310 3928 368 3986; x_wconf 60' lang='lat' dir='ltr'><strong>la.</strong></span> <span class='ocrx_word' id='word_1_147' title='bbox 410 3926 656 3986; x_wconf 85' lang='lat' dir='ltr'><strong>Fluxum</strong></span> <span class='ocrx_word' id='word_1_148' title='bbox 685 3917 972 3999; x_wconf 84' lang='lat' dir='ltr'><strong>sanguinis</strong></span> <span class='ocrx_word' id='word_1_149' title='bbox 997 3911 1356 3982; x_wconf 87' lang='lat' dir='ltr'><strong>constrinxit,</strong></span> 
     </span>
     <span class='ocr_line' id='line_1_48' title="bbox 472 4001 830 4064; baseline -0.02 0"><span class='ocrx_word' id='word_1_150' title='bbox 472 4012 533 4064; x_wconf 87' lang='lat' dir='ltr'><strong>et</strong></span> <span class='ocrx_word' id='word_1_151' title='bbox 557 4001 830 4061; x_wconf 83' lang='lat' dir='ltr'><strong>saturavit</strong></span> 
     </span>
     <span class='ocr_line' id='line_1_49' title="bbox 469 4072 1176 4159; baseline -0.017 -18"><span class='ocrx_word' id='word_1_152' title='bbox 469 4081 716 4159; x_wconf 86' lang='lat' dir='ltr'><strong>quinque</strong></span> <span class='ocrx_word' id='word_1_153' title='bbox 743 4078 816 4135; x_wconf 92' lang='lat' dir='ltr'><strong>de</strong></span> <span class='ocrx_word' id='word_1_154' title='bbox 842 4072 1176 4152; x_wconf 88' lang='lat' dir='ltr'><strong>pa-l.-nibus</strong></span> 
     </span>
     <span class='ocr_line' id='line_1_50' title="bbox 470 4155 867 4240; baseline -0.02 -21"><span class='ocrx_word' id='word_1_155' title='bbox 470 4161 646 4240; x_wconf 88' lang='lat' dir='ltr'><strong>quina</strong></span> <span class='ocrx_word' id='word_1_156' title='bbox 671 4155 867 4215; x_wconf 89' lang='lat' dir='ltr'><strong>millia.</strong></span> 
     </span>
     <span class='ocr_line' id='line_1_51' title="bbox 308 4228 1301 4318; baseline -0.013 -20"><span class='ocrx_word' id='word_1_157' title='bbox 308 4241 364 4299; x_wconf 64' lang='lat'><strong>122.</strong></span> <span class='ocrx_word' id='word_1_158' title='bbox 410 4241 686 4318; x_wconf 86' lang='lat' dir='ltr'><strong>Stagnum</strong></span> <span class='ocrx_word' id='word_1_159' title='bbox 714 4237 979 4315; x_wconf 86' lang='lat' dir='ltr'><strong>peragrat</strong></span> <span class='ocrx_word' id='word_1_160' title='bbox 1005 4228 1301 4300; x_wconf 87' lang='lat' dir='ltr'><strong>fluctuans,</strong></span> 
     </span>
     <span class='ocr_line' id='line_1_52' title="bbox 465 4303 1433 4381; baseline -0.015 -5"><span class='ocrx_word' id='word_1_161' title='bbox 465 4338 564 4378; x_wconf 87' lang='lat' dir='ltr'><strong>seu</strong></span> <span class='ocrx_word' id='word_1_162' title='bbox 591 4316 795 4376; x_wconf 91' lang='lat' dir='ltr'><strong>siccum</strong></span> <span class='ocrx_word' id='word_1_163' title='bbox 823 4311 1003 4381; x_wconf 81' lang='lat' dir='ltr'><strong>littus,</strong></span> <span class='ocrx_word' id='word_1_164' title='bbox 1032 4315 1228 4368; x_wconf 84' lang='lat' dir='ltr'><strong>ventos</strong></span> <span class='ocrx_word' id='word_1_165' title='bbox 1253 4303 1433 4366; x_wconf 87' lang='lat' dir='ltr'><strong>sedat.</strong></span> 
     </span>
    </p>
   </div>
   <div class='ocr_carea' id='block_1_4' title="bbox 304 4437 1112 4518">
    <p class='ocr_par' dir='ltr' id='par_1_4' title="bbox 304 4437 1112 4518">
     <span class='ocr_line' id='line_1_53' title="bbox 304 4437 1112 4518; baseline -0.014 -17"><span class='ocrx_word' id='word_1_166' title='bbox 304 4456 335 4485; x_wconf 76' lang='lat'>⁸</span> <span class='ocrx_word' id='word_1_167' title='bbox 370 4444 771 4518; x_wconf 63' lang='lat' dir='ltr'><strong>praedita—97.</strong></span> <span class='ocrx_word' id='word_1_168' title='bbox 801 4441 885 4495; x_wconf 84' lang='lat'><strong>13.</strong></span> <span class='ocrx_word' id='word_1_169' title='bbox 914 4439 999 4493; x_wconf 89' lang='lat'><strong>15.</strong></span> <span class='ocrx_word' id='word_1_170' title='bbox 1024 4437 1112 4492; x_wconf 83' lang='lat'><strong>26.</strong></span> 
     </span>
    </p>
   </div>
   <div class='ocr_carea' id='block_1_5' title="bbox 995 228 2808 294">
    <p class='ocr_par' dir='ltr' id='par_1_5' title="bbox 995 228 2808 294">
     <span class='ocr_line' id='line_1_54' title="bbox 995 228 2808 294; baseline -0.001 -3"><span class='ocrx_word' id='word_1_171' title='bbox 995 241 1359 292; x_wconf 76' lang='lat' dir='ltr'><strong>nomch</strong></span> <span class='ocrx_word' id='word_1_172' title='bbox 1393 244 1473 292; x_wconf 75' lang='lat' dir='ltr'><strong>m</strong></span> <span class='ocrx_word' id='word_1_173' title='bbox 1509 243 1814 294; x_wconf 71' lang='lat' dir='ltr'><strong>oorAvrs</strong></span> <span class='ocrx_word' id='word_1_174' title='bbox 1847 242 2170 293; x_wconf 73' lang='lat' dir='ltr'><strong>rAsonAE.</strong></span> <span class='ocrx_word' id='word_1_175' title='bbox 2702 228 2808 290; x_wconf 82' lang='lat'><strong>384</strong></span> 
     </span>
    </p>
   </div>
   <div class='ocr_carea' id='block_1_6' title="bbox 1632 397 2828 3974">
    <p class='ocr_par' dir='ltr' id='par_1_6' title="bbox 1632 397 2828 3974">
     <span class='ocr_line' id='line_1_55' title="bbox 1633 397 2663 480; baseline -0.003 -22"><span class='ocrx_word' id='word_1_176' title='bbox 1633 402 1689 460; x_wconf 78' lang='lat' dir='ltr'><strong>k.</strong></span> <span class='ocrx_word' id='word_1_177' title='bbox 1733 401 2019 480; x_wconf 82' lang='lat' dir='ltr'><strong>Linguam</strong></span> <span class='ocrx_word' id='word_1_178' title='bbox 2045 406 2265 460; x_wconf 83' lang='lat' dir='ltr'><strong>reserat</strong></span> <span class='ocrx_word' id='word_1_179' title='bbox 2287 397 2663 470; x_wconf 83' lang='lat' dir='ltr'><strong>constrictam,</strong></span> 
     </span>
     <span class='ocr_line' id='line_1_56' title="bbox 1790 478 2212 539; baseline -0.002 -1"><span class='ocrx_word' id='word_1_180' title='bbox 1790 478 2022 539; x_wconf 91' lang='lat' dir='ltr'><strong>reclusit</strong></span> <span class='ocrx_word' id='word_1_181' title='bbox 2047 498 2212 537; x_wconf 88' lang='lat' dir='ltr'><strong>aures</strong></span> 
     </span>
     <span class='ocr_line' id='line_1_57' title="bbox 1833 556 2408 628; baseline -0.005 -11"><span class='ocrx_word' id='word_1_182' title='bbox 1833 560 2042 617; x_wconf 81' lang='lat' dir='ltr'><strong>rivatas</strong></span> <span class='ocrx_word' id='word_1_183' title='bbox 2066 556 2408 628; x_wconf 80' lang='lat' dir='ltr'><strong>vo-l.·cibus,</strong></span> 
     </span>
     <span class='ocr_line' id='line_1_58' title="bbox 1816 634 2243 714; baseline -0.002 -18"><span class='ocrx_word' id='word_1_184' title='bbox 1816 640 1978 696; x_wconf 89' lang='lat' dir='ltr'><strong>ebres</strong></span> <span class='ocrx_word' id='word_1_185' title='bbox 2005 634 2243 714; x_wconf 86' lang='lat' dir='ltr'><strong>depulit.</strong></span> 
     </span>
     <span class='ocr_line' id='line_1_59' title="bbox 1634 709 2778 788; baseline -0.006 -14"><span class='ocrx_word' id='word_1_186' title='bbox 1634 737 1711 774; x_wconf 84' lang='lat' dir='ltr'><strong>m.</strong></span> <span class='ocrx_word' id='word_1_187' title='bbox 1756 715 1896 774; x_wconf 89' lang='lat' dir='ltr'><strong>Post</strong></span> <span class='ocrx_word' id='word_1_188' title='bbox 1920 714 2045 773; x_wconf 77' lang='lat' dir='ltr'><strong>haec</strong></span> <span class='ocrx_word' id='word_1_189' title='bbox 2070 714 2218 772; x_wconf 89' lang='lat' dir='ltr'><strong>mira</strong></span> <span class='ocrx_word' id='word_1_190' title='bbox 2241 709 2517 771; x_wconf 81' lang='lat' dir='ltr'><strong>miracula</strong></span> <span class='ocrx_word' id='word_1_191' title='bbox 2540 709 2778 788; x_wconf 82' lang='lat' dir='ltr'><strong>taliaque,</strong></span> 
     </span>
     <span class='ocr_line' id='line_1_60' title="bbox 1636 789 2811 870; baseline -0.004 -18"><span class='ocrx_word' id='word_1_192' title='bbox 1636 816 1711 853; x_wconf 85' lang='lat' dir='ltr'><strong>m.</strong></span> <span class='ocrx_word' id='word_1_193' title='bbox 1754 793 1794 852; x_wconf 90' lang='lat' dir='ltr'>S</span> <span class='ocrx_word' id='word_1_194' title='bbox 1836 803 1970 852; x_wconf 90' lang='lat' dir='ltr'><strong>onte</strong></span> <span class='ocrx_word' id='word_1_195' title='bbox 2036 812 2139 851; x_wconf 84' lang='lat' dir='ltr'><strong>sua</strong></span> <span class='ocrx_word' id='word_1_196' title='bbox 2202 789 2701 870; x_wconf 84' lang='lat' dir='ltr'><strong>comprehenditur</strong></span> <span class='ocrx_word' id='word_1_197' title='bbox 2763 797 2811 848; x_wconf 83' lang='lat' dir='ltr'><strong>et</strong></span> 
     </span>
     <span class='ocr_line' id='line_1_61' title="bbox 1865 879 2114 941; baseline -0.004 -12"><span class='ocrx_word' id='word_1_198' title='bbox 1865 879 2114 941; x_wconf 87' lang='lat' dir='ltr'><strong>mnatur,</strong></span> 
     </span>
     <span class='ocr_line' id='line_1_62' title="bbox 1634 944 2648 1028; baseline -0.009 -17"><span class='ocrx_word' id='word_1_199' title='bbox 1634 974 1695 1011; x_wconf 77' lang='lat' dir='ltr'><strong>n.</strong></span> <span class='ocrx_word' id='word_1_200' title='bbox 1737 950 1819 1010; x_wconf 89' lang='lat' dir='ltr'><strong>Et</strong></span> <span class='ocrx_word' id='word_1_201' title='bbox 1843 971 1903 1009; x_wconf 91' lang='lat' dir='ltr'><strong>se</strong></span> <span class='ocrx_word' id='word_1_202' title='bbox 1930 948 2184 1028; x_wconf 85' lang='lat' dir='ltr'><strong>crucifigi</strong></span> <span class='ocrx_word' id='word_1_203' title='bbox 2211 967 2327 1006; x_wconf 89' lang='lat' dir='ltr'><strong>non</strong></span> <span class='ocrx_word' id='word_1_204' title='bbox 2355 944 2648 1024; x_wconf 83' lang='lat' dir='ltr'><strong>despexit:</strong></span> 
     </span>
     <span class='ocr_line' id='line_1_63' title="bbox 1634 1024 2778 1105; baseline -0.009 -15"><span class='ocrx_word' id='word_1_205' title='bbox 1634 1052 1693 1089; x_wconf 77' lang='lat' dir='ltr'><strong>n.</strong></span> <span class='ocrx_word' id='word_1_206' title='bbox 1737 1029 1854 1090; x_wconf 87' lang='lat' dir='ltr'><strong>Sed</strong></span> <span class='ocrx_word' id='word_1_207' title='bbox 1880 1027 1966 1087; x_wconf 87' lang='lat' dir='ltr'><strong>sol</strong></span> <span class='ocrx_word' id='word_1_208' title='bbox 1990 1027 2112 1105; x_wconf 83' lang='lat' dir='ltr'><strong>ejus</strong></span> <span class='ocrx_word' id='word_1_209' title='bbox 2140 1035 2387 1086; x_wconf 90' lang='lat' dir='ltr'><strong>mortem</strong></span> <span class='ocrx_word' id='word_1_210' title='bbox 2415 1045 2536 1084; x_wconf 89' lang='lat' dir='ltr'><strong>non</strong></span> <span class='ocrx_word' id='word_1_211' title='bbox 2559 1024 2778 1103; x_wconf 80' lang='lat' dir='ltr'><strong>aspexit.</strong></span> 
     </span>
     <span class='ocr_line' id='line_1_64' title="bbox 1635 1106 2087 1168; baseline -0.011 0"><span class='ocrx_word' id='word_1_212' title='bbox 1635 1131 1687 1168; x_wconf 87' lang='lat'><strong>0.</strong></span> <span class='ocrx_word' id='word_1_213' title='bbox 1732 1108 1940 1167; x_wconf 84' lang='lat' dir='ltr'><strong>Illuxit</strong></span> <span class='ocrx_word' id='word_1_214' title='bbox 1965 1106 2087 1164; x_wconf 89' lang='lat' dir='ltr'><strong>dies</strong></span> 
     </span>
     <span class='ocr_line' id='line_1_65' title="bbox 1792 1182 2562 1265; baseline -0.006 -21"><span class='ocrx_word' id='word_1_215' title='bbox 1792 1206 1960 1265; x_wconf 86' lang='lat' dir='ltr'><strong>quam</strong></span> <span class='ocrx_word' id='word_1_216' title='bbox 1985 1183 2121 1243; x_wconf 87' lang='lat' dir='ltr'><strong>fecit</strong></span> <span class='ocrx_word' id='word_1_217' title='bbox 2148 1182 2562 1261; x_wconf 80' lang='lat' dir='ltr'><strong>Domi-p.-nus,</strong></span> 
     </span>
     <span class='ocr_line' id='line_1_66' title="bbox 1635 1263 2306 1325; baseline -0.007 0"><span class='ocrx_word' id='word_1_218' title='bbox 1635 1287 1686 1324; x_wconf 86' lang='lat'><strong>0.</strong></span> <span class='ocrx_word' id='word_1_219' title='bbox 1728 1266 1978 1325; x_wconf 83' lang='lat' dir='ltr'><strong>Hostem</strong></span> <span class='ocrx_word' id='word_1_220' title='bbox 2004 1263 2306 1321; x_wconf 82' lang='lat' dir='ltr'><strong>devastans</strong></span> 
     </span>
     <span class='ocr_line' id='line_1_67' title="bbox 1792 1341 2200 1403; baseline -0.01 0"><span class='ocrx_word' id='word_1_221' title='bbox 1792 1350 1855 1403; x_wconf 87' lang='lat' dir='ltr'><strong>et</strong></span> <span class='ocrx_word' id='word_1_222' title='bbox 1881 1343 2062 1402; x_wconf 84' lang='lat' dir='ltr'><strong>victor</strong></span> <span class='ocrx_word' id='word_1_223' title='bbox 2085 1341 2200 1400; x_wconf 88' lang='lat' dir='ltr'><strong>suis</strong></span> 
     </span>
     <span class='ocr_line' id='line_1_68' title="bbox 1635 1417 2677 1502; baseline -0.006 -21"><span class='ocrx_word' id='word_1_224' title='bbox 1635 1444 1688 1500; x_wconf 77' lang='lat' dir='ltr'><strong>q.</strong></span> <span class='ocrx_word' id='word_1_225' title='bbox 1793 1440 2076 1502; x_wconf 87' lang='lat' dir='ltr'><strong>apparens</strong></span> <span class='ocrx_word' id='word_1_226' title='bbox 2106 1417 2476 1478; x_wconf 90' lang='lat' dir='ltr'><strong>dilectoribus</strong></span> <span class='ocrx_word' id='word_1_227' title='bbox 2503 1418 2677 1476; x_wconf 82' lang='lat' dir='ltr'><strong>vivus·</strong></span> 
     </span>
     <span class='ocr_line' id='line_1_69' title="bbox 1635 1498 2184 1569; baseline -0.007 -10"><span class='ocrx_word' id='word_1_228' title='bbox 1635 1522 1686 1559; x_wconf 90' lang='grc' dir='ltr'><strong>ο.</strong></span> <span class='ocrx_word' id='word_1_229' title='bbox 1729 1501 1929 1560; x_wconf 87' lang='lat' dir='ltr'><strong>Primo</strong></span> <span class='ocrx_word' id='word_1_230' title='bbox 1954 1498 2184 1569; x_wconf 75' lang='lat' dir='ltr'><strong>Mariae,</strong></span> 
     </span>
     <span class='ocr_line' id='line_1_70' title="bbox 1792 1573 2428 1654; baseline -0.013 -17"><span class='ocrx_word' id='word_1_231' title='bbox 1792 1578 2000 1638; x_wconf 85' lang='lat' dir='ltr'><strong>dehinc</strong></span> <span class='ocrx_word' id='word_1_232' title='bbox 2024 1573 2428 1654; x_wconf 81' lang='lat' dir='ltr'><strong>aposto-p.-lis,</strong></span> 
     </span>
     <span class='ocr_line' id='line_1_71' title="bbox 1636 1655 2306 1732; baseline -0.009 -16"><span class='ocrx_word' id='word_1_233' title='bbox 1636 1679 1688 1716; x_wconf 87' lang='lat'><strong>0.</strong></span> <span class='ocrx_word' id='word_1_234' title='bbox 1729 1657 1956 1716; x_wconf 85' lang='lat' dir='ltr'><strong>Docens</strong></span> <span class='ocrx_word' id='word_1_235' title='bbox 1982 1655 2306 1732; x_wconf 88' lang='lat' dir='ltr'><strong>scripturas,</strong></span> 
     </span>
     <span class='ocr_line' id='line_1_72' title="bbox 1793 1753 2193 1812; baseline -0.013 -18"><span class='ocrx_word' id='word_1_236' title='bbox 1793 1756 1889 1794; x_wconf 93' lang='lat' dir='ltr'><strong>cor</strong></span> <span class='ocrx_word' id='word_1_237' title='bbox 1914 1753 2193 1812; x_wconf 79' lang='lat' dir='ltr'><strong>aperiens,</strong></span> 
     </span>
     <span class='ocr_line' id='line_1_73' title="bbox 1636 1810 2689 1892; baseline -0.006 -20"><span class='ocrx_word' id='word_1_238' title='bbox 1636 1836 1689 1892; x_wconf 77' lang='lat' dir='ltr'><strong>q.</strong></span> <span class='ocrx_word' id='word_1_239' title='bbox 1798 1822 1864 1872; x_wconf 92' lang='lat' dir='ltr'><strong>ut</strong></span> <span class='ocrx_word' id='word_1_240' title='bbox 1888 1812 2075 1871; x_wconf 83' lang='lat' dir='ltr'><strong>clausa</strong></span> <span class='ocrx_word' id='word_1_241' title='bbox 2098 1811 2173 1868; x_wconf 89' lang='lat' dir='ltr'><strong>de</strong></span> <span class='ocrx_word' id='word_1_242' title='bbox 2198 1810 2322 1888; x_wconf 91' lang='lat' dir='ltr'><strong>ipso</strong></span> <span class='ocrx_word' id='word_1_243' title='bbox 2347 1815 2689 1870; x_wconf 85' lang='lat' dir='ltr'><strong>reserarent.</strong></span> 
     </span>
     <span class='ocr_line' id='line_1_74' title="bbox 1636 1890 2245 1968; baseline -0.011 -16"><span class='ocrx_word' id='word_1_244' title='bbox 1636 1916 1686 1952; x_wconf 80' lang='lat' dir='ltr'><strong>r.</strong></span> <span class='ocrx_word' id='word_1_245' title='bbox 1727 1892 2046 1950; x_wconf 56' lang='lat' dir='ltr'><strong>Fara-vent</strong></span> <span class='ocrx_word' id='word_1_246' title='bbox 2071 1890 2245 1968; x_wconf 83' lang='lat' dir='ltr'><strong>igitur</strong></span> 
     </span>
     <span class='ocr_line' id='line_1_75' title="bbox 1793 1966 2373 2048; baseline -0.005 -21"><span class='ocrx_word' id='word_1_247' title='bbox 1793 1969 2115 2048; x_wconf 86' lang='lat' dir='ltr'><strong>resurgenti</strong></span> <span class='ocrx_word' id='word_1_248' title='bbox 2140 1966 2373 2027; x_wconf 86' lang='lat' dir='ltr'><strong>Christo</strong></span> 
     </span>
     <span class='ocr_line' id='line_1_76' title="bbox 1795 2043 2331 2124; baseline -0.011 -17"><span class='ocrx_word' id='word_1_249' title='bbox 1795 2054 2000 2107; x_wconf 89' lang='lat' dir='ltr'><strong>cuncta</strong></span> <span class='ocrx_word' id='word_1_250' title='bbox 2026 2053 2066 2104; x_wconf 83' lang='lat' dir='ltr'><strong>t.</strong></span> <span class='ocrx_word' id='word_1_251' title='bbox 2091 2043 2331 2124; x_wconf 81' lang='lat' dir='ltr'><strong>gaudiis.</strong></span> 
     </span>
     <span class='ocr_line' id='line_1_77' title="bbox 1637 2127 2314 2203; baseline -0.006 -18"><span class='ocrx_word' id='word_1_252' title='bbox 1637 2149 1688 2185; x_wconf 84' lang='lat' dir='ltr'><strong>r.</strong></span> <span class='ocrx_word' id='word_1_253' title='bbox 1731 2127 2045 2197; x_wconf 79' lang='lat' dir='ltr'><strong>Flo-s.-res,</strong></span> <span class='ocrx_word' id='word_1_254' title='bbox 2074 2132 2314 2203; x_wconf 79' lang='lat' dir='ltr'><strong>segeteS,</strong></span> 
     </span>
     <span class='ocr_line' id='line_1_78' title="bbox 1795 2204 2556 2271; baseline -0.005 -9"><span class='ocrx_word' id='word_1_255' title='bbox 1795 2205 2048 2264; x_wconf 83' lang='lat' dir='ltr'><strong>redivivo</strong></span> <span class='ocrx_word' id='word_1_256' title='bbox 2074 2204 2259 2260; x_wconf 85' lang='lat' dir='ltr'><strong>fructu</strong></span> <span class='ocrx_word' id='word_1_257' title='bbox 2288 2208 2556 2271; x_wconf 78' lang='lat' dir='ltr'><strong>vernant,</strong></span> 
     </span>
     <span class='ocr_line' id='line_1_79' title="bbox 1636 2278 2305 2357; baseline -0.007 -14"><span class='ocrx_word' id='word_1_258' title='bbox 1636 2307 1680 2343; x_wconf 81' lang='lat' dir='ltr'><strong>s.</strong></span> <span class='ocrx_word' id='word_1_259' title='bbox 1790 2292 1851 2343; x_wconf 91' lang='lat' dir='ltr'><strong>et</strong></span> <span class='ocrx_word' id='word_1_260' title='bbox 1876 2282 2147 2353; x_wconf 83' lang='lat' dir='ltr'><strong>volucres,</strong></span> <span class='ocrx_word' id='word_1_261' title='bbox 2173 2278 2305 2357; x_wconf 81' lang='lat' dir='ltr'><strong>gelu</strong></span> 
     </span>
     <span class='ocr_line' id='line_1_80' title="bbox 1792 2356 2699 2436; baseline -0.011 -15"><span class='ocrx_word' id='word_1_262' title='bbox 1792 2362 1947 2421; x_wconf 87' lang='lat' dir='ltr'><strong>tristi</strong></span> <span class='ocrx_word' id='word_1_263' title='bbox 1973 2369 2148 2430; x_wconf 87' lang='lat' dir='ltr'><strong>terso,</strong></span> <span class='ocrx_word' id='word_1_264' title='bbox 2174 2357 2338 2417; x_wconf 88' lang='lat' dir='ltr'><strong>dulce</strong></span> <span class='ocrx_word' id='word_1_265' title='bbox 2366 2365 2407 2415; x_wconf 82' lang='lat' dir='ltr'><strong>t.</strong></span> <span class='ocrx_word' id='word_1_266' title='bbox 2432 2356 2699 2436; x_wconf 87' lang='lat' dir='ltr'><strong>jubilant.</strong></span> 
     </span>
     <span class='ocr_line' id='line_1_81' title="bbox 1635 2436 2283 2499; baseline -0.006 -2"><span class='ocrx_word' id='word_1_267' title='bbox 1635 2462 1684 2497; x_wconf 77' lang='lat' dir='ltr'><strong>r.</strong></span> <span class='ocrx_word' id='word_1_268' title='bbox 1727 2439 2051 2499; x_wconf 75' lang='lat' dir='ltr'><strong>Lu-⁸.·cent</strong></span> <span class='ocrx_word' id='word_1_269' title='bbox 2079 2436 2283 2496; x_wconf 86' lang='lat' dir='ltr'><strong>clarius</strong></span> 
     </span>
     <span class='ocr_line' id='line_1_82' title="bbox 1791 2517 2354 2587; baseline -0.011 -10"><span class='ocrx_word' id='word_1_270' title='bbox 1791 2517 1876 2577; x_wconf 89' lang='lat' dir='ltr'><strong>sol</strong></span> <span class='ocrx_word' id='word_1_271' title='bbox 1900 2527 1961 2576; x_wconf 88' lang='lat' dir='ltr'><strong>et</strong></span> <span class='ocrx_word' id='word_1_272' title='bbox 1986 2517 2137 2587; x_wconf 90' lang='lat' dir='ltr'><strong>luna,</strong></span> <span class='ocrx_word' id='word_1_273' title='bbox 2167 2521 2354 2572; x_wconf 87' lang='lat' dir='ltr'><strong>morte</strong></span> 
     </span>
     <span class='ocr_line' id='line_1_83' title="bbox 1793 2593 2351 2655; baseline -0.009 0"><span class='ocrx_word' id='word_1_274' title='bbox 1793 2595 2009 2655; x_wconf 85' lang='lat' dir='ltr'><strong>Christi</strong></span> <span class='ocrx_word' id='word_1_275' title='bbox 2036 2604 2076 2653; x_wconf 84' lang='lat' dir='ltr'><strong>t.</strong></span> <span class='ocrx_word' id='word_1_276' title='bbox 2106 2593 2351 2652; x_wconf 87' lang='lat' dir='ltr'><strong>turbida.</strong></span> 
     </span>
     <span class='ocr_line' id='line_1_84' title="bbox 1637 2671 2293 2732; baseline -0.006 -1"><span class='ocrx_word' id='word_1_277' title='bbox 1637 2696 1684 2731; x_wconf 86' lang='lat' dir='ltr'><strong>r.</strong></span> <span class='ocrx_word' id='word_1_278' title='bbox 1727 2673 2019 2732; x_wconf 80' lang='lat' dir='ltr'><strong>Tel-s.-lus</strong></span> <span class='ocrx_word' id='word_1_279' title='bbox 2053 2671 2293 2730; x_wconf 91' lang='lat' dir='ltr'><strong>herbida</strong></span> 
     </span>
     <span class='ocr_line' id='line_1_85' title="bbox 1792 2744 2641 2832; baseline -0.007 -22"><span class='ocrx_word' id='word_1_280' title='bbox 1792 2751 2113 2832; x_wconf 88' lang='lat' dir='ltr'><strong>resurgenti</strong></span> <span class='ocrx_word' id='word_1_281' title='bbox 2139 2748 2369 2810; x_wconf 87' lang='lat' dir='ltr'><strong>Christo</strong></span> <span class='ocrx_word' id='word_1_282' title='bbox 2395 2744 2641 2826; x_wconf 86' lang='lat' dir='ltr'><strong>plaudit,</strong></span> 
     </span>
     <span class='ocr_line' id='line_1_86' title="bbox 1635 2828 2337 2909; baseline -0.007 -21"><span class='ocrx_word' id='word_1_283' title='bbox 1635 2851 1679 2888; x_wconf 84' lang='lat' dir='ltr'><strong>s.</strong></span> <span class='ocrx_word' id='word_1_284' title='bbox 1787 2850 1916 2909; x_wconf 82' lang='lat' dir='ltr'><strong>quae</strong></span> <span class='ocrx_word' id='word_1_285' title='bbox 1942 2828 2188 2890; x_wconf 86' lang='lat' dir='ltr'><strong>tremula</strong></span> <span class='ocrx_word' id='word_1_286' title='bbox 2214 2828 2337 2904; x_wconf 86' lang='lat' dir='ltr'><strong>ejus</strong></span> 
     </span>
     <span class='ocr_line' id='line_1_87' title="bbox 1794 2901 2693 2968; baseline -0.012 1"><span class='ocrx_word' id='word_1_287' title='bbox 1794 2917 1978 2968; x_wconf 88' lang='lat' dir='ltr'><strong>morte</strong></span> <span class='ocrx_word' id='word_1_288' title='bbox 2004 2929 2065 2968; x_wconf 92' lang='lat' dir='ltr'><strong>se</strong></span> <span class='ocrx_word' id='word_1_289' title='bbox 2092 2925 2348 2966; x_wconf 88' lang='lat' dir='ltr'><strong>casuram</strong></span> <span class='ocrx_word' id='word_1_290' title='bbox 2375 2909 2415 2960; x_wconf 84' lang='lat' dir='ltr'><strong>t.</strong></span> <span class='ocrx_word' id='word_1_291' title='bbox 2445 2901 2693 2960; x_wconf 79' lang='lat' dir='ltr'><strong>minitat.</strong></span> 
     </span>
     <span class='ocr_line' id='line_1_88' title="bbox 1636 2981 2548 3067; baseline -0.008 -23"><span class='ocrx_word' id='word_1_292' title='bbox 1636 3008 1694 3045; x_wconf 79' lang='lat' dir='ltr'><strong>u.</strong></span> <span class='ocrx_word' id='word_1_293' title='bbox 1735 2986 1892 3067; x_wconf 86' lang='lat' dir='ltr'><strong>Ergo</strong></span> <span class='ocrx_word' id='word_1_294' title='bbox 1919 2988 2013 3046; x_wconf 89' lang='lat' dir='ltr'><strong>die</strong></span> <span class='ocrx_word' id='word_1_295' title='bbox 2041 2987 2151 3044; x_wconf 91' lang='lat' dir='ltr'><strong>ista</strong></span> <span class='ocrx_word' id='word_1_296' title='bbox 2176 2981 2548 3052; x_wconf 79' lang='lat' dir='ltr'><strong>exsultemuS,</strong></span> 
     </span>
     <span class='ocr_line' id='line_1_89' title="bbox 1792 3060 2430 3143; baseline -0.013 -19"><span class='ocrx_word' id='word_1_297' title='bbox 1792 3086 1904 3143; x_wconf 86' lang='lat' dir='ltr'><strong>qua</strong></span> <span class='ocrx_word' id='word_1_298' title='bbox 1928 3066 2090 3124; x_wconf 90' lang='lat' dir='ltr'><strong>nobis</strong></span> <span class='ocrx_word' id='word_1_299' title='bbox 2116 3064 2267 3122; x_wconf 83' lang='lat' dir='ltr'><strong>viam</strong></span> <span class='ocrx_word' id='word_1_300' title='bbox 2296 3060 2430 3118; x_wconf 80' lang='lat' dir='ltr'><strong>vitae</strong></span> 
     </span>
     <span class='ocr_line' id='line_1_90' title="bbox 1793 3137 2605 3222; baseline -0.011 -21"><span class='ocrx_word' id='word_1_301' title='bbox 1793 3164 2094 3222; x_wconf 84' lang='lat' dir='ltr'><strong>resurgens</strong></span> <span class='ocrx_word' id='word_1_302' title='bbox 2121 3138 2391 3220; x_wconf 85' lang='lat' dir='ltr'><strong>patefecit</strong></span> <span class='ocrx_word' id='word_1_303' title='bbox 2416 3137 2458 3194; x_wconf 88' lang='lat' dir='ltr'><strong>J</strong></span> <span class='ocrx_word' id='word_1_304' title='bbox 2461 3155 2605 3194; x_wconf 91' lang='lat' dir='ltr'><strong>esus.</strong></span> 
     </span>
     <span class='ocr_line' id='line_1_91' title="bbox 1635 3214 2790 3294; baseline -0.01 -14"><span class='ocrx_word' id='word_1_305' title='bbox 1635 3244 1693 3280; x_wconf 78' lang='lat' dir='ltr'><strong>u.</strong></span> <span class='ocrx_word' id='word_1_306' title='bbox 1738 3223 1938 3294; x_wconf 80' lang='lat' dir='ltr'><strong>A‘stra,</strong></span> <span class='ocrx_word' id='word_1_307' title='bbox 1963 3222 2164 3291; x_wconf 90' lang='lat' dir='ltr'><strong>solum,</strong></span> <span class='ocrx_word' id='word_1_308' title='bbox 2193 3237 2370 3288; x_wconf 89' lang='lat' dir='ltr'><strong>mare,</strong></span> <span class='ocrx_word' id='word_1_309' title='bbox 2394 3214 2790 3293; x_wconf 80' lang='lat' dir='ltr'><strong>jocundentur,</strong></span> 
     </span>
     <span class='ocr_line' id='line_1_92' title="bbox 1794 3294 2472 3378; baseline -0.016 -18"><span class='ocrx_word' id='word_1_310' title='bbox 1794 3310 1854 3360; x_wconf 87' lang='lat' dir='ltr'><strong>et</strong></span> <span class='ocrx_word' id='word_1_311' title='bbox 1880 3301 2068 3360; x_wconf 90' lang='lat' dir='ltr'><strong>cuncti</strong></span> <span class='ocrx_word' id='word_1_312' title='bbox 2092 3294 2472 3378; x_wconf 84' lang='lat' dir='ltr'><strong>gratulentur,</strong></span> 
     </span>
     <span class='ocr_line' id='line_1_93' title="bbox 1792 3370 2527 3456; baseline -0.011 -20"><span class='ocrx_word' id='word_1_313' title='bbox 1792 3379 1853 3437; x_wconf 92' lang='lat' dir='ltr'><strong>in</strong></span> <span class='ocrx_word' id='word_1_314' title='bbox 1880 3379 2033 3438; x_wconf 89' lang='lat' dir='ltr'><strong>coelis</strong></span> <span class='ocrx_word' id='word_1_315' title='bbox 2057 3373 2339 3456; x_wconf 87' lang='lat' dir='ltr'><strong>spiritales</strong></span> <span class='ocrx_word' id='word_1_316' title='bbox 2365 3370 2527 3431; x_wconf 92' lang='lat' dir='ltr'><strong>chori</strong></span> 
     </span>
     <span class='ocr_line' id='line_1_94' title="bbox 1635 3457 2021 3516; baseline -0.003 -1"><span class='ocrx_word' id='word_1_317' title='bbox 1635 3480 1687 3515; x_wconf 84' lang='lat' dir='ltr'><strong>v.</strong></span> <span class='ocrx_word' id='word_1_318' title='bbox 1730 3457 2021 3516; x_wconf 78' lang='lat' dir='ltr'><strong>Trinitati.</strong></span> 
     </span>
     <span class='ocr_line' id='line_1_95' title="bbox 1715 3523 2826 3613; baseline -0.014 -18"><span class='ocrx_word' id='word_1_319' title='bbox 1715 3534 2118 3613; x_wconf 75' lang='lat' dir='ltr'><strong>Evanyeliwm.</strong></span> <span class='ocrx_word' id='word_1_320' title='bbox 2225 3529 2419 3589; x_wconf 89' lang='lat' dir='ltr'><strong>Maria</strong></span> <span class='ocrx_word' id='word_1_321' title='bbox 2475 3523 2826 3607; x_wconf 86' lang='lat' dir='ltr'><strong>Magdalene,</strong></span> 
     </span>
     <span class='ocr_line' id='line_1_96' title="bbox 1634 3610 2392 3692; baseline -0.011 -19"><span class='ocrx_word' id='word_1_322' title='bbox 1634 3623 1699 3672; x_wconf 80' lang='lat' dir='ltr'><strong>ut</strong></span> <span class='ocrx_word' id='word_1_323' title='bbox 1722 3635 1898 3692; x_wconf 80' lang='lat' dir='ltr'><strong>supra</strong></span> <span class='ocrx_word' id='word_1_324' title='bbox 1924 3616 1991 3672; x_wconf 78' lang='lat' dir='ltr'><strong>in</strong></span> <span class='ocrx_word' id='word_1_325' title='bbox 2016 3613 2110 3671; x_wconf 74' lang='lat' dir='ltr'><strong>die</strong></span> <span class='ocrx_word' id='word_1_326' title='bbox 2135 3610 2392 3670; x_wconf 73' lang='lat' dir='ltr'><strong>Paschae.</strong></span> 
     </span>
     <span class='ocr_line' id='line_1_97' title="bbox 1716 3690 2124 3769; baseline -0.01 -17"><span class='ocrx_word' id='word_1_327' title='bbox 1716 3690 2124 3769; x_wconf 50' lang='lat' dir='ltr'><strong>Offertmuium?</strong></span> 
     </span>
     <span class='ocr_line' id='line_1_98' title="bbox 1706 3761 2828 3836; baseline -0.01 -14"><span class='ocrx_word' id='word_1_328' title='bbox 1706 3770 1868 3825; x_wconf 87' lang='lat' dir='ltr'><strong>Terra</strong></span> <span class='ocrx_word' id='word_1_329' title='bbox 1883 3767 2109 3824; x_wconf 85' lang='lat' dir='ltr'><strong>tremuit</strong></span> <span class='ocrx_word' id='word_1_330' title='bbox 2125 3771 2179 3822; x_wconf 90' lang='lat' dir='ltr'><strong>et</strong></span> <span class='ocrx_word' id='word_1_331' title='bbox 2196 3764 2405 3836; x_wconf 85' lang='lat' dir='ltr'><strong>quievit</strong></span> <span class='ocrx_word' id='word_1_332' title='bbox 2422 3782 2435 3816; x_wconf 75' lang='lat' dir='ltr'><em>z</em></span> <span class='ocrx_word' id='word_1_333' title='bbox 2456 3761 2591 3815; x_wconf 85' lang='lat' dir='ltr'><strong>dum</strong></span> <span class='ocrx_word' id='word_1_334' title='bbox 2608 3771 2828 3828; x_wconf 75' lang='lat' dir='ltr'><strong>resurge-</strong></span> 
     </span>
     <span class='ocr_line' id='line_1_99' title="bbox 1632 3835 2484 3974; baseline -0.009 -78"><span class='ocrx_word' id='word_1_335' title='bbox 1632 3848 1716 3899; x_wconf 90' lang='lat' dir='ltr'><strong>ret</strong></span> <span class='ocrx_word' id='word_1_336' title='bbox 1711 3842 1798 3974; x_wconf 59' lang='grc' dir='ltr'><strong>ἑτι</strong></span> <span class='ocrx_word' id='word_1_337' title='bbox 1815 3841 2023 3912; x_wconf 87' lang='lat' dir='ltr'><strong>judicio</strong></span> <span class='ocrx_word' id='word_1_338' title='bbox 2047 3840 2205 3908; x_wconf 87' lang='lat' dir='ltr'><strong>Deus,</strong></span> <span class='ocrx_word' id='word_1_339' title='bbox 2230 3835 2484 3908; x_wconf 76' lang='lat' dir='ltr'><strong>alleluya.</strong></span> 
     </span>
     <span class='ocr_line' id='line_1_100' title="bbox 1757 3922 1953 3972; baseline -0.01 0"><span class='ocrx_word' id='word_1_340' title='bbox 1757 3922 1953 3972; x_wconf 81' lang='lat' dir='ltr'><strong>ecreta.</strong></span> 
     </span>
    </p>
   </div>
   <div class='ocr_carea' id='block_1_7' title="bbox 1632 3982 2930 4149">
    <p class='ocr_par' dir='ltr' id='par_1_7' title="bbox 1632 3982 2930 4149">
     <span class='ocr_line' id='line_1_101' title="bbox 1701 3982 2930 4070; baseline -0.015 -19"><span class='ocrx_word' id='word_1_341' title='bbox 1701 3993 1951 4070; x_wconf 83' lang='lat' dir='ltr'><strong>Suscipe,</strong></span> <span class='ocrx_word' id='word_1_342' title='bbox 1979 4005 2319 4068; x_wconf 75' lang='lat' dir='ltr'><strong>quaesumus,</strong></span> <span class='ocrx_word' id='word_1_343' title='bbox 2348 3982 2621 4053; x_wconf 89' lang='lat' dir='ltr'><strong>Domine,</strong></span> <span class='ocrx_word' id='word_1_344' title='bbox 2646 3993 2832 4056; x_wconf 69' lang='lat' dir='ltr'><strong>preces</strong></span> <span class='ocrx_word' id='word_1_345' title='bbox 2929 4024 2930 4033; x_wconf 70' lang='grc'>,</span> 
     </span>
     <span class='ocr_line' id='line_1_102' title="bbox 1632 4059 2930 4149; baseline -0.017 -19"><span class='ocrx_word' id='word_1_346' title='bbox 1632 4069 1825 4149; x_wconf 90' lang='lat' dir='ltr'><strong>populi</strong></span> <span class='ocrx_word' id='word_1_347' title='bbox 1844 4070 1930 4128; x_wconf 91' lang='lat' dir='ltr'><strong>tui</strong></span> <span class='ocrx_word' id='word_1_348' title='bbox 1958 4088 2086 4126; x_wconf 88' lang='lat' dir='ltr'><strong>cum</strong></span> <span class='ocrx_word' id='word_1_349' title='bbox 2108 4063 2486 4123; x_wconf 88' lang='lat' dir='ltr'><strong>oblationibus</strong></span> <span class='ocrx_word' id='word_1_350' title='bbox 2507 4059 2830 4122; x_wconf 85' lang='lat' dir='ltr'><strong>hostiarum,</strong></span> <span class='ocrx_word' id='word_1_351' title='bbox 2929 4066 2930 4075; x_wconf 59' lang='lat'>¹</span> 
     </span>
    </p>
   </div>
   <div class='ocr_carea' id='block_1_8' title="bbox 1630 4130 2832 4384">
    <p class='ocr_par' dir='ltr' id='par_1_8' title="bbox 1630 4130 2832 4384">
     <span class='ocr_line' id='line_1_103' title="bbox 1630 4130 2829 4229; baseline -0.015 -23"><span class='ocrx_word' id='word_1_352' title='bbox 1630 4159 1695 4209; x_wconf 92' lang='lat' dir='ltr'><strong>ut</strong></span> <span class='ocrx_word' id='word_1_353' title='bbox 1734 4146 2083 4229; x_wconf 87' lang='lat' dir='ltr'><strong>paschalibus</strong></span> <span class='ocrx_word' id='word_1_354' title='bbox 2118 4143 2363 4202; x_wconf 74' lang='lat' dir='ltr'><strong>initiatae</strong></span> <span class='ocrx_word' id='word_1_355' title='bbox 2411 4137 2715 4216; x_wconf 83' lang='lat' dir='ltr'><strong>mysteriis,</strong></span> <span class='ocrx_word' id='word_1_356' title='bbox 2762 4130 2829 4189; x_wconf 87' lang='lat' dir='ltr'><strong>ad</strong></span> 
     </span>
     <span class='ocr_line' id='line_1_104' title="bbox 1632 4218 2832 4290; baseline -0.016 -4"><span class='ocrx_word' id='word_1_357' title='bbox 1632 4227 1971 4288; x_wconf 80' lang='lat' dir='ltr'><strong>aeternitatis</strong></span> <span class='ocrx_word' id='word_1_358' title='bbox 2024 4223 2187 4281; x_wconf 91' lang='lat' dir='ltr'><strong>nobis</strong></span> <span class='ocrx_word' id='word_1_359' title='bbox 2242 4218 2548 4289; x_wconf 90' lang='lat' dir='ltr'><strong>medelam,</strong></span> <span class='ocrx_word' id='word_1_360' title='bbox 2594 4225 2652 4275; x_wconf 90' lang='lat' dir='ltr'><strong>te</strong></span> <span class='ocrx_word' id='word_1_361' title='bbox 2703 4229 2832 4290; x_wconf 85' lang='lat' dir='ltr'><strong>ope-</strong></span> 
     </span>
     <span class='ocr_line' id='line_1_105' title="bbox 1630 4296 2720 4384; baseline -0.016 -18"><span class='ocrx_word' id='word_1_362' title='bbox 1630 4313 1811 4377; x_wconf 88' lang='lat' dir='ltr'><strong>rante,</strong></span> <span class='ocrx_word' id='word_1_363' title='bbox 1839 4303 2160 4384; x_wconf 89' lang='lat' dir='ltr'><strong>proficiant.</strong></span> <span class='ocrx_word' id='word_1_364' title='bbox 2241 4298 2356 4358; x_wconf 91' lang='lat' dir='ltr'><strong>Per</strong></span> <span class='ocrx_word' id='word_1_365' title='bbox 2386 4296 2720 4355; x_wconf 89' lang='lat' dir='ltr'><strong>Dominum.</strong></span> 
     </span>
    </p>
   </div>
   <div class='ocr_carea' id='block_1_9' title="bbox 1630 4413 2339 4492">
    <p class='ocr_par' dir='ltr' id='par_1_9' title="bbox 1630 4413 2339 4492">
     <span class='ocr_line' id='line_1_106' title="bbox 1630 4413 2339 4492; baseline -0.02 -12"><span class='ocrx_word' id='word_1_366' title='bbox 1630 4428 1659 4466; x_wconf 75' lang='lat' dir='ltr'>b</span> <span class='ocrx_word' id='word_1_367' title='bbox 1695 4426 1770 4479; x_wconf 75' lang='lat' dir='ltr'><strong>Ps</strong></span> <span class='ocrx_word' id='word_1_368' title='bbox 1791 4423 1935 4476; x_wconf 75' lang='lat' dir='ltr'><strong>lxxv.</strong></span> <span class='ocrx_word' id='word_1_369' title='bbox 1965 4417 2153 4492; x_wconf 79' lang='lat' dir='ltr'><strong>(lxxvi.</strong></span> <span class='ocrx_word' id='word_1_370' title='bbox 2186 4415 2236 4486; x_wconf 82' lang='lat' dir='ltr'><strong>s,</strong></span> <span class='ocrx_word' id='word_1_371' title='bbox 2263 4413 2339 4486; x_wconf 86' lang='lat'><strong>9.)</strong></span> 
     </span>
    </p>
   </div>
   <div class='ocr_carea' id='block_1_10' title="bbox 2925 0 2934 4967">
    <p class='ocr_par' dir='ltr' id='par_1_10' title="bbox 2925 0 2934 4967">
     <span class='ocr_line' id='line_1_107' title="bbox 2925 0 2934 4967; baseline 0 0"><span class='ocrx_word' id='word_1_372' title='bbox 2925 0 2934 4967; x_wconf 95' lang='lat' dir='ltr'><strong> </strong></span> 
     </span>
    </p>
   </div>
  </div>
 </body>
</html>
