2975 5009
199 207 240 269 5
800 222 1159 274 nommoA
1194 223 1424 274 PRIMA
1457 225 1849 277 onnmus
1883 226 2170 277 nomm.
2697 212 2736 272 6

200 382 247 439 Ι
243 403 284 440 n
294 381 606 457 ferialibus
635 389 822 438 autem
853 382 1044 439 diebus
1083 389 1134 438 et
1159 381 1226 438 in
1249 381 1415 459 festis

197 461 322 517 sine
346 459 622 535 reyimine
647 459 804 516 chori
821 482 844 529 ;
865 461 898 497 '¹⁵
925 468 976 517 et
1002 480 1040 517 a
1068 460 1314 518 Domine
1341 481 1414 520 ne

199 539 260 594 in
301 537 390 594 ira
428 558 600 613 usque
637 537 715 594 ad
743 538 1004 615 primam
1039 535 1414 597 Dominicam

203 616 667 691 Quadrayesimae
689 638 713 685 ,·
766 623 816 674 et
869 636 906 673 a
959 616 1114 693 Deus
1158 617 1412 675 omnium

197 716 372 771 usque
400 693 479 751 ad
504 693 829 751 Adventum
853 693 1098 752 Domini
1107 716 1130 764 ;
1171 695 1248 751 ad
1273 696 1406 753 mis-

195 794 323 830 sam
375 772 622 849 quinque
673 771 795 829 dici
845 772 1016 829 solent
1070 772 1365 831 Orationes
1392 796 1409 831 .-

196 850 457 909 videlicet
499 850 702 926 prima
754 850 823 907 de
868 850 995 920 die;
1048 851 1291 908 secwnda
1342 851 1410 909 de

195 938 395 987 sancta
421 928 627 986 Maria
635 949 659 999 ;
695 929 863 986 tertia
883 929 950 986 de
970 929 1224 987 omnibus
1248 949 1409 987 sanc-

197 1009 290 1079 tis,
320 1007 573 1085 (scilicet
605 1006 882 1076 Concede,
923 1026 1254 1084 quaesumus»,
1289 1028 1406 1065 om·-

197 1087 465 1164 nipotens
487 1085 670 1156 Deus3
700 1093 750 1141 et
767 1086 984 1143 dicitwr
1001 1085 1113 1142 ista
1127 1086 1408 1163 proedicta

198 1164 405 1222 Oratio
457 1164 524 1220 de
577 1164 830 1221 omnibus
882 1164 1088 1221 sanctis
1140 1171 1260 1221 tam
1301 1184 1409 1240 per

192 1243 523 1300 Adventum
548 1262 720 1317 quam
744 1242 812 1299 in
829 1240 1104 1299 Paschali
1128 1249 1366 1319 tempore
1384 1265 1408 1313 ,-

192 1330 243 1377 et
260 1321 437 1378 etiam
454 1320 785 1395 qeneraliter
795 1341 902 1396 per
920 1327 1095 1377 totwm
1114 1339 1331 1377 annum
1345 1320 1406 1397 :J

192 1406 402 1476 quarta
433 1397 634 1456 Oratio
651 1419 767 1488 pro
793 1398 1105 1455 universali
1129 1397 1400 1469 Ecclesia,

191 1477 405 1534 scilicet
452 1476 718 1534 Ecclesiae
763 1484 897 1545 tuan,
947 1476 1211 1547 Domine,
1259 1476 1404 1548 ᾦα,-

190 1556 398 1631 quinta
415 1575 528 1631 pro
558 1575 718 1631 pace,
759 1554 967 1612 scilicet
1007 1555 1178 1626 Deus,
1220 1574 1253 1612 a
1292 1574 1402 1632 quo

191 1642 393 1691 sancta
417 1632 711 1690 desideria.

273 1711 356 1768 In
406 1720 545 1769 octa.
586 1710 769 1768 sancti
812 1710 1060 1767 Andreae
1103 1711 1185 1767 vel
1224 1731 1399 1788 quan-

188 1791 266 1847 do
320 1790 535 1847 dicitur
586 1789 760 1845 missa
815 1788 975 1848 Salus
1027 1788 1218 1866 populi
1271 1797 1402 1846 tunc

189 1869 303 1924 erit
327 1867 571 1925 secunda
597 1866 796 1925 Oratio
816 1867 882 1923 de
901 1866 1167 1923 Adventu
1177 1889 1200 1938 ;
1234 1868 1400 1924 tertia

187 1947 259 2003 de
293 1954 488 2004 sancta
524 1946 730 2002 Maria
741 1967 765 2016 ,·
804 1954 1008 2021 quarta
1048 1944 1115 2001 de
1147 1946 1400 2003 omnibus

185 2025 399 2081 sanctis
410 2046 433 2094 ,·
454 2025 654 2101 quinta
665 2044 776 2100 pro
795 2022 1106 2080 universali
1124 2023 1394 2081 Ecclesia.

271 2180 420 2238 Item
460 2180 527 2237 in
548 2178 722 2256 seriis
749 2187 798 2236 et
823 2179 890 2235 in
918 2178 1083 2255 festis
1108 2179 1228 2236 sine
1253 2180 1395 2255 reqi-

186 2260 345 2316 mine
399 2259 555 2316 chori
593 2265 644 2314 et
690 2257 913 2334 quando
959 2257 1174 2314 dicitur
1225 2258 1398 2314 missa

183 2336 348 2394 Salus
413 2335 606 2415 populi
665 2336 734 2392 ab
792 2343 985 2392 octava
1053 2334 1399 2412 Epiphanioe

182 2436 360 2493 usque
387 2414 466 2471 ad
496 2413 682 2491 Caput
699 2413 917 2489 jejunii
942 2414 1210 2470 dicuntur
1233 2414 1398 2490 quin-

142 2542 150 2548 .
188 2515 299 2571 que
323 2492 619 2552 Orationes
635 2515 652 2549 :
691 2512 932 2567 quarum
948 2491 1150 2568 prima
1176 2491 1243 2549 de
1270 2492 1363 2548 die
1376 2514 1398 2562 ;

187 2571 437 2630 secmda
496 2571 564 2628 de
615 2577 809 2627 sancta
859 2569 1082 2640 Maria,
1138 2569 1396 2644 (scilicet,

186 2651 348 2709 Deus
400 2648 497 2726 qui
549 2647 742 2707 salutis
795 2656 1042 2718 aeternae‚
1096 2668 1266 2724 usque
1320 2648 1398 2704 ad

186 2727 663 2803 Purificationem
686 2750 703 2783 .·
751 2734 880 2802 post
930 2726 1399 2801 Purificationem

186 2828 316 2864 vero
332 2806 550 2863 dicitwr
561 2804 761 2864 Oratio
774 2803 1029 2862 Concede
1046 2823 1146 2861 nos
1164 2803 1398 2862 famulos

186 2900 316 2942 tuos
337 2884 380 2962 ε)
436 2884 603 2940 tertia
649 2883 717 2939 de
769 2883 1021 2939 omnibus
1066 2883 1289 2953 sanctis,
1336 2890 1399 2939 ut

185 2983 365 3040 supra
378 2984 402 3032 ;
429 2970 634 3038 quarta
651 2982 762 3038 pro
781 2960 1092 3018 universali
1110 2960 1363 3018 Ecclesia
1375 2984 1397 3030 ;

186 3043 394 3117 quinta
411 3061 523 3116 pro
540 3060 698 3117 pace.

263 3196 330 3254 F
322 3196 448 3253 eria
497 3203 700 3269 quarta
741 3194 807 3251 in
853 3192 1052 3269 Capite
1085 3194 1304 3269 jejunii
1349 3202 1398 3250 et

189 3277 255 3332 in
275 3275 457 3332 tribus
477 3272 668 3329 diebus
687 3272 1046 3348 sequentibus,
1069 3271 1146 3328 ad
1165 3272 1397 3328 missam

187 3354 255 3410 de
275 3351 504 3429 jejunio
530 3350 799 3408 dicuntur
824 3349 944 3406 istoe
976 3349 1219 3426 quinque
1250 3348 1397 3407 Ora-

188 3432 364 3488 tiones
392 3452 410 3486 :
453 3429 655 3504 prima
701 3428 768 3485 de
819 3427 911 3485 die
934 3449 957 3499 ;
1009 3427 1249 3485 secunda
1286 3448 1396 3504 pro

180 3507 601 3586 poenitentibus,
644 3506 851 3564 scilicet
894 3504 1136 3577 Exaudi,
1181 3525 1395 3582 quaesu-

190 3605 335 3656 muS,
356 3583 605 3643 Domine
624 3606 638 3654 ;
682 3585 848 3641 tertia
866 3583 935 3641 de
953 3592 1146 3641 sancta
1171 3583 1394 3656 Maria,

187 3665 399 3723 scilicet
428 3662 688 3722 Concede
716 3682 851 3733 nos;
889 3670 1095 3737 quarta
1121 3662 1188 3719 de
1215 3662 1397 3719 omni-

188 3744 288 3800 bus
307 3741 536 3812 sanctis,
558 3740 765 3798 scilicet
784 3740 1040 3799 Concede
1060 3759 1394 3817 quaesumuS,

187 3820 548 3898 omnipotens
575 3819 748 3889 DeuS‚
770 3827 834 3876 ut
860 3826 1100 3889 sanctae3
1140 3818 1394 3895 quinta†

179 3919 292 3975 pro
306 3897 624 3955 universali
637 3896 909 3967 Ecclesia,
921 3896 1126 3954 scilicet
1133 3894 1398 3954 Ecclesiae

187 3989 322 4034 tuae.
421 3975 609 4032 Nulla
647 3974 862 4032 dicitur
896 3973 1096 4032 Oratio
1136 3974 1203 4031 de
1242 3995 1396 4049 yene-

188 4054 406 4111 ratibus
431 4073 603 4129 usque
629 4052 707 4109 ad
736 4052 1299 4130 Quadrayesimam.†

270 4209 449 4267 Feria
503 4207 744 4267 secunda
787 4208 997 4284 primoe
1047 4207 1400 4265 hebdomadae

259 4310 296 4343 ἰ·
330 4310 492 4382 infra
516 4310 1067 4364 Adventum—Grad.

261 4382 299 4449 †
325 4398 432 4450 pro
593 4421 605 4448 ‚
638 4380 822 4435 Oratio
846 4380 989 4433 Deus
1016 4398 1050 4433 a
1077 4396 1197 4450 quo.
1271 4378 1401 4433 Non

190 4451 386 4504 dicitur
564 4452 614 4502 io
648 4451 711 4503 de
744 4452 1070 4519 qeneralibus
1097 4467 1201 4519 per
1235 4454 1401 4502 totum

1531 382 2006 459 Quadrayesimae‚
2061 392 2112 441 et
2169 384 2370 442 abhinc
2429 405 2597 461 usque
2658 384 2735 440 ad

1530 460 1762 519 G'oenam
1798 462 2060 533 Domini,
2098 462 2176 519 ad
2214 464 2446 520 missam
2484 462 2552 520 de
2581 462 2733 537 jeju-

1524 539 1622 597 nio
1638 540 1906 597 dicuntur
1919 548 2120 616 septem
2139 539 2431 598 Orationes
2444 563 2462 598 .·
2487 559 2731 617 quarum

1515 616 1716 693 prima
1743 617 1811 674 de
1837 618 1931 676 die
1943 638 1965 688 ;
2000 618 2241 675 secunda
2271 639 2381 695 pro
2403 619 2729 695 poenitenti-

1526 696 1622 752 bus
1631 717 1654 766 ;
1682 696 1848 753 tertia
1868 696 1935 753 de
1952 704 2147 754 sancta
2164 696 2371 754 Maria
2382 719 2404 767 ,·
2437 704 2642 773 quarta
2661 696 2728 753 de

1523 773 1775 831 omnibus
1794 774 2001 831 sanctis
2011 796 2035 845 ,⁰
2071 774 2273 851 quinta
2290 796 2401 851 pro
2417 773 2729 832 universali

1521 851 1775 910 Ecclesia
1786 875 1809 922 ;
1839 861 1990 910 seoeta
2007 873 2119 929 pro
2136 873 2281 929 pace
2291 875 2314 923 ;
2344 853 2581 929 septima
2608 872 2726 909 una

1522 929 1589 986 de
1614 931 1961 1005 yeneralibus
1979 930 2234 988 seriatim
2245 954 2268 1001 ,·
2294 931 2502 988 scilicet
2525 930 2725 990 Oratio

1525 1007 1750 1067 Pietate
1790 1018 1906 1080 tua,
1954 1009 2040 1065 vel
2094 1009 2295 1067 Oratio
2343 1010 2568 1068 Sanctae
2612 1008 2722 1067 Dei

1520 1086 1824 1164 genitricis,
1865 1088 1950 1145 vel
1992 1087 2193 1145 Oratio
2236 1088 2512 1145 Omnium
2553 1088 2725 1147 Sanc-

1520 1173 1728 1236 torum,
1755 1166 1840 1224 vel
1879 1165 2079 1224 Oratio
2108 1165 2486 1244 Omnipotens
2519 1165 2722 1243 sempi-

1520 1252 1684 1303 terne
1712 1245 1884 1316 DeuS,
1914 1245 2011 1323 qui
2030 1244 2301 1302 vivorum.

1594 1400 1928 1458 Notandum
1952 1408 2029 1458 est
2060 1400 2208 1477 quod
2233 1400 2532 1458 secumdum
2557 1420 2721 1457 usum

1516 1477 1727 1537 Sarum
1748 1499 2040 1554 nunquam
2058 1479 2327 1536 dicuntur
2345 1478 2500 1535 ultra
2519 1485 2719 1553 septem

1519 1556 1813 1614 Orationes
1853 1556 1931 1613 ad
1974 1556 2223 1626 missam,
2273 1557 2411 1631 quia
2456 1555 2612 1611 Deus
2654 1556 2720 1611 in

1519 1634 1789 1693 Oratione
1814 1633 2173 1691 Dominicali
2193 1641 2413 1690 tantum
2434 1633 2719 1689 constituit

1514 1720 1715 1788 septem
1733 1712 2045 1789 petitiones.
2127 1710 2208 1768 In
2232 1710 2556 1769 Dominicis
2593 1731 2719 1768 vero

1687 1791 1973 1866 rayesimoe
1987 1810 2105 1847 una
2121 1789 2239 1847 sola
2259 1788 2459 1848 Oratio
2475 1787 2721 1858 dicitur;

1515 1869 1662 1944 quod
1703 1890 1811 1945 per
1855 1876 2028 1926 totam
2076 1865 2582 1943 Quadraqesimam
2627 1868 2717 1922 ob-

1512 1955 1769 2005 servetur.

1618 2024 1664 2082 I
1657 2047 1699 2082 n
1720 2024 1893 2101 feriis
1929 2031 1979 2081 et
2012 2024 2080 2081 in
2103 2021 2266 2099 festis
2289 2023 2411 2081 sine
2448 2022 2719 2098 reqimine

1514 2103 1686 2173 chori,
1727 2111 1777 2161 et
1821 2102 2046 2179 quando
2091 2102 2306 2159 dicitur
2343 2101 2517 2159 missa
2558 2099 2719 2161 Salus

1513 2180 1721 2259 populi,
1776 2181 1845 2238 ab
1897 2188 2089 2257 octava
2140 2179 2375 2237 Paschae
2418 2200 2589 2255 usque
2642 2179 2719 2235 ad

1513 2258 1906 2317 Ascensionem
1962 2258 2222 2329 Domini,
2284 2266 2391 2314 tres
2452 2257 2720 2314 dicuntur

1520 2336 1811 2395 Orationes
1879 2344 2099 2393 tantum
2121 2357 2143 2405 ;
2213 2355 2455 2412 quarum
2517 2334 2716 2411 prima

1513 2415 1580 2472 de
1645 2416 1737 2473 die
1759 2438 1782 2486 ;
1848 2413 2087 2472 secunda
2152 2413 2219 2471 de
2284 2413 2715 2483 Resurrectione,

1512 2493 1720 2551 scilicet
1785 2494 1958 2563 Deus,
2024 2492 2120 2569 qui
2172 2511 2276 2568 per
2337 2490 2717 2568 Unigenitum

1513 2580 1710 2644 tuum3
1761 2571 1926 2628 tertia
1972 2570 2039 2627 de
2078 2570 2330 2627 omnibus
2382 2569 2607 2640 sanctis,
2657 2576 2715 2624 ut

1512 2670 1706 2727 supra.
1790 2648 2004 2706 Tamen
2029 2649 2095 2705 in
2120 2647 2463 2718 Dominicis,
2492 2646 2715 2723 quando

1513 2728 1580 2785 de
1631 2726 1942 2785 Dominica
1996 2726 2204 2801 aqitur,
2258 2725 2421 2782 nulla
2447 2726 2563 2800 fiat
2601 2744 2710 2780 me-

1511 2806 1715 2877 moria,
1768 2804 1887 2861 nisi
1939 2804 2171 2880 aliquod
2205 2802 2418 2879 festum
2471 2802 2715 2876 alicujus

1511 2884 1693 2941 sancti
1757 2881 1994 2940 evenerit
2047 2889 2283 2938 tantum.
2393 2878 2474 2936 In
2532 2886 2714 2936 aestate

1511 2983 1652 3032 vero,
1703 2960 1926 3037 quando
1960 2960 2035 3035 fit
2088 2958 2358 3015 memoria
2402 2957 2470 3013 de
2523 2957 2715 3032 aliquo

1511 3048 1697 3097 sancto
1725 3039 1791 3096 in
1818 3037 2009 3113 aliquo
2032 3036 2178 3112 festo
2217 3036 2395 3093 trium
2422 3034 2717 3092 lectionum

1512 3118 1610 3193 (ut
1648 3115 1806 3193 infra
1845 3123 2112 3185 octavam,
2142 3113 2225 3171 vel
2268 3113 2337 3171 in
2358 3111 2504 3189 festo
2535 3113 2719 3169 sancti

1510 3194 1856 3272 Sampsonis,
1893 3194 1993 3251 ubi
2019 3194 2095 3268 fit
2132 3191 2403 3250 memoria
2430 3191 2497 3249 de
2528 3199 2715 3247 sancto

1509 3274 1870 3343 Pantaleone,
1912 3279 1963 3329 et
2004 3271 2071 3327 in
2109 3270 2543 3343 consimilibus,)
2584 3277 2715 3325 tunc

1510 3352 1584 3409 sit
1637 3352 1803 3409 tertia
1867 3349 2066 3408 Oratio
2119 3349 2185 3406 de
2242 3356 2436 3405 sancta
2489 3346 2712 3417 Maria,

1511 3437 1715 3507 quarta
1755 3428 1822 3486 de
1862 3428 2114 3485 omnibus
2159 3427 2384 3496 sanctis,
2425 3433 2475 3484 et
2516 3427 2716 3501 quinta

1501 3529 1611 3585 pro
1636 3506 1948 3565 universali
1974 3506 2243 3563 Ecclesia.
2326 3504 2473 3561 Item
2500 3524 2537 3560 a
2558 3504 2713 3562 Deus

1511 3585 1763 3643 omnium
1787 3605 1957 3661 usque
1984 3583 2061 3640 ad
2085 3582 2412 3640 Adventum
2450 3581 2712 3651 Domini,

1510 3663 1748 3740 inferiis
1768 3672 1818 3721 et
1837 3661 2070 3739 infestis
2091 3661 2268 3718 trium
2287 3661 2581 3717 lectionum
2595 3660 2715 3715 sine

1508 3742 1778 3817 reyimine
1818 3741 1991 3809 chori,
2028 3747 2078 3796 et
2120 3739 2187 3796 in
2225 3738 2431 3796 octavis
2470 3744 2519 3793 et
2558 3735 2716 3813 infra

1510 3828 1728 3877 octavas
1785 3818 2009 3895 quando
2062 3817 2257 3874 choras
2313 3836 2426 3872 non
2484 3814 2716 3889 reyitur,

1510 3898 1752 3975 quinque
1791 3897 2059 3954 dicuntur
2096 3893 2429 3962 Orationes;
2475 3911 2717 3967 quarum

1502 3977 1703 4053 prima
1743 3983 1818 4033 est
1857 3975 1924 4031 de
1963 3974 2097 4043 die;
2139 3970 2379 4028 secunda
2417 3969 2485 4026 de
2523 3978 2717 4027 sancta

1511 4054 1761 4124 Maria;
1828 4052 1994 4109 tertia
2052 4051 2119 4108 de
2175 4048 2428 4106 omnibus
2485 4049 2718 4118 sanctis;

1513 4139 1719 4209 quarta
1745 4151 1855 4208 pro
1890 4135 2039 4186 statu
2077 4126 2379 4196 Ecclesiae;
2427 4133 2476 4182 et
2515 4127 2716 4201 quinta

1504 4231 1615 4287 pro
1632 4229 1790 4286 pace.
1861 4207 1939 4264 In
1960 4205 2105 4282 festo
2135 4203 2391 4263 Processi
2422 4211 2472 4260 et
2501 4203 2582 4261 M
2575 4206 2713 4260 arti-

1512 4328 1733 4436 gfflm'
1761 4311 1869 4362 nisi
1896 4312 2106 4362 tantum
2128 4307 2189 4359 in
2218 4305 2720 4374 Μάκρωνα-
