2975 5009
113 264 207 325 33
786 275 1130 333 QUA'PUOR
1162 277 1561 325 'rnMPORuM
1593 278 1997 325 Anvnwrcs,

112 431 407 500 muliereS,
436 440 497 489 et
524 430 853 489 benedictus
881 430 1092 490 fructus
1124 433 1331 491 ventris

110 511 220 569 tui.
337 509 417 567 Et
472 509 626 567 unde
670 507 775 566 hoc
829 509 969 567 mihi
1022 517 1088 566 ut
1140 511 1330 569 veniat

112 596 309 646 mater
354 587 589 645 Domini
644 588 757 646 mei
811 588 882 644 ad
945 590 1084 647 me?
1186 589 1328 648 Ecce

111 667 275 725 enim
305 674 370 723 ut
398 664 547 723 facta
573 680 659 725 est
686 685 798 723 vox
837 665 1187 725 salutationis
1214 676 1328 725 tuae

110 744 172 801 in
215 744 449 802 auribus
490 745 649 813 meis,
699 743 977 816 exultavit
1019 744 1079 801 in
1123 747 1329 823 gaudio

109 823 307 880 infans
333 822 394 879 in
427 832 594 882 utero
633 841 777 880 me0.
877 823 956 881 Et
999 824 1164 881 beata
1201 843 1328 900 quae

108 901 410 959 credidisti
476 900 743 977 quoniam
851 901 1180 960 erficientur
1241 922 1324 971 ea,

109 998 245 1056 quae
270 980 428 1037 dicta
447 987 579 1036 sunt
598 979 702 1036 tibi
729 1000 764 1036 a
886 981 1058 1038 mino,
1141 981 1221 1039 Et
1247 981 1327 1037 ait

110 1057 324 1115 Maria.
410 1057 749 1136 Mag-nificat
791 1058 980 1115 anima
1027 1078 1155 1117 mea
1208 1058 1325 1116 Do-

111 1137 357 1206 minum,
386 1144 446 1195 et
485 1134 763 1194 exultavit
802 1136 1031 1214 spiritus
1067 1157 1224 1195 meus
1265 1136 1324 1193 in

111 1213 241 1272 Deo
268 1214 505 1272 salutari
533 1233 677 1271 meo.

191 1292 555 1361 Qffertmium.

185 1362 350 1428 Deus,
385 1368 485 1416 tu²²
519 1368 835 1415 conversus⁸
869 1360 1161 1415 vivificabis
1196 1379 1322 1416 nos:

111 1439 167 1488 et
211 1433 364 1515 plebs
407 1438 503 1486 tua
538 1431 815 1485 laetabitur
857 1431 912 1482 in
963 1438 1049 1485 te:
1107 1433 1325 1486 ostende

109 1505 284 1572 nobis,
332 1502 575 1570 Domine,
612 1502 1024 1555 misericordiam
1067 1508 1233 1572 tuam,
1270 1508 1325 1557 et

109 1574 352 1627 salutare
377 1578 533 1626 tuum
558 1573 628 1627 da
650 1572 852 1626 nobis.b

122 1645 185 1698 V.
260 1642 611 1709 Benedixisti,
640 1643 881 1711 Domine,
908 1648 1103 1696 terram
1136 1648 1284 1697 tuam
1312 1664 1322 1696 :

111 1714 358 1768 avertisti
405 1714 771 1785 captivitatem
818 1713 1022 1768 Jacob:
1072 1715 1323 1768 remisisti

111 1785 460 1855 iniquitatem
487 1784 656 1855 plebis
680 1789 806 1838 tuae.

123 1856 183 1908 V.
241 1865 267 1893 ⁰
292 1854 658 1909 Misericordia
680 1861 736 1908 et
758 1853 953 1908 veritas
976 1854 1326 1909 obviaverunt

111 1926 245 1980 sibi:
285 1925 481 1980 veritas
503 1926 568 1979 de
592 1931 735 1979 terra
757 1931 875 1979 orta
901 1930 996 1994 est,
1023 1930 1078 1978 et
1105 1924 1324 1995 justitia

111 1997 179 2052 de
202 1997 339 2051 coelo
362 1996 675 2067 prospexit.e

182 2067 406 2121 Secreta.

179 2138 502 2209 Sacrificiis,
522 2158 858 2215 quaesumus,
887 2138 1152 2208 Domine,
1173 2136 1319 2195 salu-

110 2217 329 2276 taribus
349 2216 439 2274 his
458 2216 658 2276 diebus
679 2225 940 2295 aptemur
967 2217 1316 2294 propensiuS,

149 2296 315 2354 uibus
354 2294 495 2352 illud
537 2303 625 2354 est
662 2295 994 2371 mysterium
1031 2293 1322 2353 celebran-

110 2315 271 2446 dum,
295 2372 386 2431 cui
412 2373 586 2432 servit
606 2373 787 2431 omnis
807 2373 1065 2432 executio
1085 2374 1318 2430 manda-

107 2460 320 2511 torum.
406 2452 522 2510 Per
547 2451 876 2509 Dominum.

186 2530 470 2606 Proesatio
499 2529 867 2600 Quotidiana.

192 2607 546 2666 Communia

182 2685 319 2739 Ecce
345 2685 608 2738 Dominus
629 2684 821 2751 veniet,
849 2690 904 2737 et
927 2700 1109 2737 omnes
1144 2685 1315 2738 sancti

111 2756 230 2826 ejus
276 2773 403 2810 cum
450 2773 532 2809 eo:
584 2761 639 2809 et
686 2755 787 2808 erit
837 2755 895 2807 in
945 2755 1031 2808 die
1078 2754 1175 2809 illa
1223 2756 1317 2808 lux

112 2826 362 2896 magna.d

189 2897 660 2955 PostcommuniO.

194 2976 435 3047 Perfice,
471 2995 807 3052 quaesurnuS,
842 2975 1109 3045 Domine,
1149 2974 1316 3033 mise-

114 3054 418 3113 ricordiam
479 3064 632 3111 tuam
686 3051 891 3132 populo
943 3051 1314 3131 supplicanti:

115 3152 283 3209 quem
322 3142 552 3190 tuorum
600 3132 867 3190 refectum
915 3130 1175 3211 largitate
1219 3131 1316 3189 do-

117 3231 339 3285 norum,
361 3217 423 3270 et
437 3211 740 3268 instantius
765 3211 1005 3286 gratiam
1035 3209 1318 3286 postulare

117 3291 409 3367 majorem,
458 3298 516 3347 et
563 3288 874 3346 fiducialius
920 3308 1146 3372 sperare
1187 3307 1316 3346 con-

117 3369 295 3425 cedas.
378 3366 492 3425 Per
518 3367 845 3425 Dominum.

218 3525 539 3598 Sabbato
569 3536 873 3620 quatuor
899 3535 1313 3617 temporum.

194 3623 296 3680 Ad
320 3623 586 3680 Missam.
673 3622 951 3698 Officium.

198 3701 352 3760 Veni
380 3709 439 3760 et
468 3700 704 3760 ostende
733 3700 892 3756 nobis
917 3699 1116 3757 faciem
1143 3707 1319 3767 tuam,

118 3780 362 3838 Domine
385 3802 401 3839 t
442 3781 539 3855 qui
567 3781 724 3838 sedes
751 3798 918 3856 super
944 3776 1234 3847 cherubin,
1264 3789 1323 3835 et

115 3857 254 3915 salvi
281 3859 538 3917 erimus.0

195 3934 481 3993 Psalmus.

184 4012 290 4077 Qui
318 4013 462 4083 regis
482 4010 666 4077 Israel,
693 4010 942 4064 intende:
980 4009 1074 4079 qui
1107 4009 1323 4063 deducis

120 4084 266 4138 velut
286 4100 441 4137 ovem
466 4079 711 4152 Joseph.1

190 4156 394 4214 Onmes
410 4154 687 4212 orationes
707 4152 826 4209 sine
842 4152 1120 4210 Dominus
1141 4152 1318 4211 vobis-

121 4293 145 4320 ὃ
177 4281 649 4338 convertens—94.
678 4281 761 4335 98.
794 4281 953 4335 Grad.

40 4383 41 4386 ¹
121 4355 146 4390 b
182 4355 266 4408 Ps.
291 4353 496 4407 lxxxiv.
525 4353 728 4425 (lxxxv.
757 4353 805 4422 6,
836 4354 882 4421 7,
916 4353 960 4421 l,
988 4352 1036 4422 2,
1067 4351 1148 4420 10,
1179 4351 1286 4421 11.)

40 4463 43 4468 -
122 4435 143 4462 ⁶
177 4426 324 4478 deest
351 4424 412 4476 in
437 4423 529 4477 98.·

42 4523 43 4526 ¹
123 4495 148 4532 ‘¹
184 4495 356 4564 (Zech.
385 4494 491 4548 xiv.
521 4494 569 4561 5,
601 4493 686 4563 7?)

123 4575 145 4602 e
181 4566 265 4619 Ps.
292 4565 459 4618 lxxix.
491 4565 660 4635 (lxxx.
693 4565 738 4632 3,
774 4564 843 4634 l.)

2571 259 2656 324 34

1447 451 1574 489 cum
1602 433 1886 501 dicuntur,
1907 441 2113 509 praeter
2138 431 2402 488 ultimam
2429 451 2551 507 quae
2578 439 2654 487 est

1445 519 1572 568 ante
1608 512 1945 588 Epistulam,
1975 512 2068 568 sed
2108 518 2328 567 tantum
2355 530 2481 566 cum
2508 509 2651 567 Ore-

1444 609 1585 645 mus,
1693 590 1775 646 Et
1826 611 2010 647 omnes
2065 588 2313 645 lectiones
2366 608 2492 645 cum
2533 588 2651 644 suis

1444 667 1627 724 titulis
1657 668 1926 742 leyantur.

1525 744 1791 805 Oremus.

1526 822 1740 881 OratiO.

1521 902 1696 973 DeUS,
1737 904 1832 979 qui
1860 900 2127 980 conspicis
2166 900 2298 976 quia
2336 919 2413 958 ex
2454 908 2649 959 nostra

1440 982 1719 1056 pravitate
1736 981 2066 1059 affligimur:
2090 979 2329 1037 concede
2349 979 2643 1056 propitius,

1441 1067 1505 1115 ut
1522 1079 1596 1116 ex
1615 1068 1715 1117 tua
1735 1060 2053 1118 visitatione
2074 1056 2443 1130 consolemur.
2528 1056 2642 1125 Qui

1440 1136 1591 1194 vivas
1635 1146 1694 1195 et
1739 1158 1940 1215 regnas
1988 1157 2115 1194 cum
2171 1136 2296 1195 Deo
2351 1135 2527 1194 Patre
2582 1135 2640 1192 in

1437 1215 1656 1274 unitate
1684 1216 1951 1294 ejusdem.
2413 1276 2420 1285 ,

1518 1291 1709 1350 Lectio
1740 1293 1938 1352 Esaioe
1965 1290 2087 1349 Pro
2126 1292 2306 1349 hetae!

1517 1370 1592 1428 In
1631 1372 1827 1430 diebus
1862 1373 1991 1442 illis,
2034 1372 2080 1430 C
2102 1372 2372 1428 amabunt
2409 1370 2481 1427 ad
2524 1369 2641 1427 Do-

1437 1449 1657 1506 minum
1707 1471 1741 1507 a
1778 1450 1916 1509 facie
1961 1448 2300 1519 tribulantiS,
2349 1456 2408 1506 et
2449 1448 2643 1507 mittet

1437 1532 1516 1583 eis
1544 1527 1876 1587 salvatorem
1918 1536 1977 1586 et
2015 1533 2509 1605 propugnatorem,
2545 1525 2641 1602 qui

1436 1603 1642 1664 liberet
1695 1626 1805 1664 θος.
1888 1606 1968 1665 Et
2020 1612 2385 1682 cognoscetur
2439 1603 2641 1661 Domi-

1439 1704 1543 1740 nus
1564 1685 1634 1741 ab
1652 1683 1925 1762 AEgypt0‚
1949 1691 2008 1742 et
2024 1688 2358 1761 cognoscent
2375 1680 2641 1759 AEgyptii

1436 1761 1746 1819 Dominum
1775 1762 1834 1819 in
1863 1762 1956 1821 die
1981 1760 2095 1832 illa,
2125 1769 2184 1820 et
2210 1758 2395 1817 colent
2420 1780 2549 1816 eum
2577 1759 2637 1815 in

1437 1839 1636 1898 hostiis
1659 1848 1717 1899 et
1743 1841 2085 1910 muneribuS,
2116 1847 2176 1897 et
2203 1845 2333 1896 vota
2361 1838 2641 1895 vovebunt

1435 1917 1702 1991 Domine,
1773 1927 1833 1978 et
1896 1918 2132 1978 solvent.
2215 1916 2294 1975 Et
2359 1916 2638 1993 percutiet

1434 1995 1715 2054 Dominus
1743 1998 2065 2076 AEgyptum
2093 1994 2275 2075 plaga,
2317 2003 2375 2052 et
2415 1994 2639 2051 sanabit

1434 2095 1576 2147 eam,
1601 2084 1660 2134 et
1686 2084 2046 2135 revertentur
2062 2074 2088 2106 ¹¹
2126 2076 2196 2132 ad
2224 2072 2555 2142 Dominum,
2579 2081 2638 2129 et

1432 2152 1748 2230 placabitur
1813 2155 1914 2226 eie,
1969 2164 2028 2213 et
2081 2153 2304 2211 sanabit
2373 2170 2466 2209 eos
2518 2151 2638 2209 Do-

1433 2231 1618 2290 minus
1646 2233 1802 2290 Deus
1829 2243 2039 2291 noster.

1513 2310 1779 2369 Gradale.

1503 2388 1558 2441 A
1582 2405 1792 2441 summo
1810 2387 1942 2441 coelo
1966 2386 2189 2457 egressio
2207 2386 2356 2456 ejus:
2383 2389 2437 2438 et
2459 2399 2635 2438 occur-

1429 2474 1519 2511 sus
1537 2459 1654 2530 ejus
1673 2476 1839 2529 usque
1863 2458 1928 2511 ad
1955 2474 2226 2511 summum
2252 2456 2383 2509 e’us.

1441 2528 1499 2581 V.
1575 2529 1709 2583 Goeli
1733 2535 1988 2583 enarrant
2010 2529 2233 2599 gloriam
2286 2527 2382 2580 >siz
2408 2530 2463 2578 et
2480 2541 2640 2602 opera

1429 2616 1689 2653 manuum
1716 2600 1833 2670 ejus
1854 2600 2153 2653 annunciat
2176 2599 2612 2650 firmamentum.¹

1429 2671 1566 2728 Non
1604 2679 1885 2748 repetatur
1929 2670 2182 2729 Gradale
2203 2693 2221 2728 .·
2273 2669 2367 2726 sed
2408 2667 2637 2724 dicatur

1428 2751 1621 2806 statim
1650 2750 1910 2808 Oremus.

1512 2827 1730 2885 Oratio.

1535 2906 1813 2975 Concede,
1881 2923 2214 2981 quaesumus,
2284 2899 2637 2977 omnipotens

1429 2985 1603 3055 DeuS,
1658 2993 1723 3042 ut
1786 2983 1881 3059 qui
1942 2984 2044 3040 sub
2103 2979 2315 3059 peccati
2369 2978 2508 3056 jugo
2562 2996 2635 3035 ex

1431 3071 1652 3122 vetusta
1682 3062 1954 3136 servitute
1994 3059 2386 3137 deprimimur,
2428 3075 2635 3144 expec-

1431 3150 1553 3200 tata
1576 3141 1637 3199 U
1678 3142 1695 3199 i
1738 3139 1875 3199 eniti
1904 3139 2034 3196 Filii
2061 3137 2144 3195 tui
2174 3156 2316 3194 nova
2342 3133 2638 3192 nativitate

1431 3220 1663 3279 liberem
1706 3229 1788 3276 fr
1841 3218 1956 3285 Qui
1972 3226 2157 3276 tecum
2178 3215 2320 3273 vivit
2338 3222 2396 3271 et
2412 3219 2632 3290 regnat.

1511 3299 1702 3356 Lectio
1731 3298 1927 3356 Esaiae
1954 3294 2277 3372 Prophetae)

1513 3377 1659 3435 Haec
1685 3377 1825 3434 dicit
1850 3375 2163 3445 Dominus;
2193 3370 2511 3431 Laetabitur
2536 3367 2634 3427 de-

1433 3464 1588 3514 serta
1608 3464 1667 3513 et
1689 3455 1839 3512 invia
1861 3475 1876 3524 3
1908 3462 1965 3511 et
1992 3451 2272 3511 exultabit
2292 3449 2554 3519 solitud0,
2578 3455 2636 3505 et

1433 3534 1663 3592 florebit
1688 3532 1843 3610 quasi
1863 3531 2063 3589 lilium.
2148 3529 2488 3589 Germinans
2507 3546 2637 3605 ger-

1437 3612 1695 3683 minabit,
1750 3620 1810 3669 et
1861 3609 2142 3669 exultabit
2206 3607 2527 3665 laetabunda
2579 3610 2637 3662 et

1435 3689 1687 3747 laudans.
1771 3687 1969 3748 Gloria
2009 3687 2214 3746 Libani
2252 3686 2386 3743 data
2420 3696 2506 3742 est
2545 3681 2631 3740 ei:

1434 3769 1603 3826 decor
1618 3767 1859 3827 Carmeli
1883 3777 1941 3825 et
1959 3766 2159 3825 Saron.
2223 3762 2344 3841 Ipsi
2366 3762 2635 3819 videbunt

1433 3846 1671 3925 gloriam
1749 3845 2002 3915 Domini,
2072 3850 2132 3901 et
2197 3842 2458 3898 decorem
2524 3836 2636 3897 Dei

1435 3925 1634 3984 nostri.
1714 3925 2044 3985 confortate
2083 3938 2284 3977 manus
2322 3914 2635 3985 dissolutas,

1436 4013 1496 4062 et
1560 4023 1745 4081 genua
1795 4000 2003 4059 debilia
2067 3999 2347 4055 roborate.
2430 3993 2635 4065 Dicite,

1437 4081 1831 4141 Pusillanimes
1880 4073 2293 4144 confortamini,
2349 4080 2410 4132 et
2463 4071 2637 4130 nolite

1435 4161 1677 4218 timere:
1734 4178 1858 4216 ecce
1903 4158 2059 4215 Deus
2113 4163 2306 4211 noster
2359 4151 2634 4210 ultionem

1436 4275 1457 4312 f
1489 4274 1617 4329 ibid.
1645 4292 1692 4328 V.
1724 4273 1770 4326 1.

1438 4356 1464 4392 8
1501 4363 1612 4415 cap.
1641 4346 1749 4396 xix.
1778 4343 1841 4395 I).
1871 4342 1940 4413 (v.
1969 4340 2188 4410 20-22.)

1440 4416 1467 4452 ¹1
1506 4412 1907 4485 AEgyptii—l3.
1938 4412 2021 4464 15.

1440 4486 1451 4522 i
1494 4486 1578 4538 Ps.
1607 4484 1753 4538 xviii.
1783 4483 1912 4553 (xix.
1942 4483 1990 4549 6,
2023 4482 2092 4551 l.)

1432 4557 1449 4602 J
1490 4574 1588 4627 cap
1618 4572 1776 4607 xxxv.
1806 4553 1873 4605 A.
1904 4553 1973 4622 (v.
2005 4551 2147 4618 1-7.)
