2975 5009
150 215 277 281 617

145 388 485 463 pausatione
508 388 856 465 interposita.
911 388 1048 446 Post
1066 386 1180 445 haec
1194 388 1359 444 verba

150 475 175 497 ⁸
192 466 430 523 inclinet
455 486 511 523 se
546 466 800 524 sacerdos
841 467 919 523 ad
958 466 1199 524 hostiam
1217 471 1287 509 *b
1307 473 1358 522 et

147 553 341 620 postea
385 544 547 602 elevet
593 565 719 601 eam
738 552 759 576 ⁰
800 565 977 622 supra
1004 544 1255 620 frontem
1293 551 1359 601 ut

145 622 326 698 possit
365 642 404 679 a
432 622 647 699 populo
673 623 878 693 videri,
920 623 948 659 ‘¹
970 631 1020 679 et
1054 629 1360 679 reverenter

153 699 318 757 illam
337 699 362 731 ‘¹
388 709 620 777 reponat
641 709 769 758 ante
789 701 1017 758 calicem
1045 701 1112 757 in
1129 699 1360 756 modum

156 779 337 835 crucis
371 799 480 855 per
520 779 793 836 eeandem
820 778 1041 855 factoe;
1088 785 1138 835 et
1181 786 1313 835 tunc
1335 788 1359 816 e

155 856 527 934 discooperiat
579 856 811 914 calicem
864 865 915 915 et
969 863 1149 913 teneat
1212 855 1360 913 inter

155 955 359 991 manus
385 955 535 1004 suas,
563 955 677 992 non
702 934 1077 1010 disjunyendo
1094 933 1360 1010 pollicem

159 1014 227 1069 ab
253 1013 445 1070 indice
470 1013 591 1070 nisi
615 1012 754 1070 dum
776 1012 932 1090 facit
964 1012 1361 1070 benedictiones

160 1100 403 1161 tantum,
431 1091 517 1147 ita
543 1092 753 1164 dicens,

241 1167 428 1230 Simili
470 1170 639 1227 modo
679 1178 1043 1247 posteaquam
1078 1175 1360 1227 coenatum

161 1257 267 1316 est,
333 1248 611 1326 accipiens
677 1256 736 1305 et
803 1246 953 1307 hunc
1025 1245 1361 1328 praeclarum

160 1325 390 1385 calicem
458 1328 520 1382 in
586 1334 805 1384 sanctas
875 1346 941 1385 ac
1010 1325 1364 1386 venerabiles

164 1424 365 1462 manus
391 1424 538 1473 suaS,
567 1403 709 1462 item
737 1404 844 1462 tibi

240 1483 364 1540 Hic
399 1482 634 1539 inclinet
659 1504 730 1554 se,
761 1483 969 1554 dicens,

161 1561 375 1638 gratias
422 1581 613 1639 agenS,
662 1560 1053 1639 beneffldixm
1098 1560 1366 1638 deditque

165 1639 454 1717 discipulis
522 1639 654 1710 suiS,
709 1639 922 1711 dicenS,
980 1640 1242 1717 Accipite
1308 1649 1367 1697 et

166 1718 346 1776 bibite
375 1737 449 1777 ex
477 1736 545 1775 eo
571 1736 785 1776 omnes,

246 1793 369 1853 Hic
400 1796 562 1853 elevet
592 1795 845 1853 sacerdos
874 1815 1192 1872 parumper
1225 1795 1368 1852 cali-

166 1895 303 1945 cem,
329 1873 417 1930 ita
450 1874 658 1944 dicens,

166 1953 285 2011 Hic
310 1960 398 2011 est
424 1953 579 2011 enim
606 1950 754 2009 calix
780 1950 1070 2031 sanguinis
1099 1953 1211 2011 mei
1238 1952 1370 2009 novi

166 2041 226 2090 et
253 2030 458 2090 aeterni
478 2031 829 2100 testamenti,
857 2031 1192 2106 mysterium
1211 2030 1371 2101 fidei,

166 2110 263 2187 qui
291 2129 396 2187 pro
423 2109 580 2166 vobis
607 2118 667 2166 et
692 2128 797 2186 pro
825 2108 1017 2166 multis
1045 2108 1371 2167 effundetur

166 2189 228 2245 in
257 2187 646 2245 remissionem
721 2196 1054 2244 eccatorum.

249 2264 322 2322 H
319 2266 372 2323 ic
398 2266 561 2323 elevet
600 2285 666 2322 ca
691 2265 831 2322 icem
870 2284 1041 2341 usque
1068 2264 1147 2323 ad
1176 2273 1371 2343 pectus

167 2345 252 2402 vel
280 2343 435 2400 ultra
470 2351 657 2419 caput,
686 2343 893 2415 dicens,

170 2424 318 2482 Haec
359 2422 796 2500 quotiescunque
843 2421 1109 2494 feceritis,
1150 2422 1212 2479 in
1254 2422 1366 2481 mei

168 2500 505 2560 memoriam
532 2500 768 2558 facietis.

246 2578 372 2636 Hic
391 2585 624 2655 reponat
639 2578 869 2636 calicem
885 2586 936 2636 et
950 2583 972 2622 f
971 2576 1147 2654 fricet
1162 2578 1369 2654 diyitos

166 2679 294 2716 suos
338 2656 495 2714 ultra
538 2656 770 2714 calicem
800 2665 1036 2734 propter
1077 2658 1274 2728 micas,
1319 2664 1371 2715 et

168 2734 452 2812 cooperiat
510 2735 759 2792 calicem.
878 2735 1103 2792 Deinde
1137 2741 1160 2780 t
1207 2735 1371 2793 elevet

169 2814 403 2872 brachia
429 2833 534 2870 sua
560 2813 628 2870 in
666 2812 896 2870 modum
922 2814 1121 2885 crucis,
1150 2814 1370 2888 junctis

167 2892 391 2967 diyitis,
432 2911 603 2968 usque
644 2890 724 2948 ad
761 2891 875 2949 haec
914 2893 1098 2963 verba,
1140 2892 1213 2951 de
1258 2892 1369 2950 tuis

169 2970 336 3029 donis
369 2989 434 3027 ac
458 2970 625 3030 datis·

254 3047 431 3106 Unde
485 3057 545 3107 et
593 3067 890 3116 memores,
946 3047 1213 3120 Domine,
1268 3068 1370 3106 nos

171 3140 200 3179 s
220 3130 307 3185 tui
354 3125 551 3185 servis
596 3125 696 3183 sed
737 3135 796 3184 et
837 3124 995 3203 plebs
1040 3139 1141 3184 tua
1179 3138 1373 3185 sancta

172 3204 428 3281 ejusdem
458 3202 675 3263 Christi
712 3203 846 3262 Filii
873 3204 957 3261 tui
998 3205 1231 3263 Domini
1259 3206 1369 3263 Dei

173 3283 356 3341 nostri
408 3291 529 3340 tam
584 3285 765 3341 beatae
814 3282 1102 3361 passionis,
1151 3303 1370 3342 necnon

172 3371 233 3421 et
258 3363 331 3419 ab
366 3359 561 3419 inferis
599 3361 1044 3433 resurrectionis,
1071 3362 1170 3420 sed
1211 3371 1271 3420 et
1310 3363 1369 3418 in

174 3440 342 3498 coelos
380 3439 639 3518 gloriosse
686 3439 1039 3512 ascensionis,
1082 3440 1372 3499 offerimus

175 3517 466 3597 praeclarae
494 3518 775 3594 majestati
815 3527 929 3576 tuse
957 3519 1029 3577 de
1056 3518 1171 3578 tuis
1209 3519 1373 3577 donis

174 3618 242 3655 ac
269 3596 418 3653 datis

255 3673 282 3705 ¹¹
302 3673 425 3730 Hic
450 3672 695 3749 quinque
722 3693 903 3731 cruces
916 3675 1073 3750 fiant
1093 3698 1111 3734 .·
1146 3677 1241 3734 sed
1269 3684 1374 3733 tres

171 3842 199 3869 ⁸
237 3847 350 3883 non
375 3828 579 3882 habent
605 3826 689 3882 92.
719 3828 801 3881 94.
832 3827 914 3881 98.

171 3904 198 3939 b
236 3908 292 3955 et
310 3900 486 3970 capite
506 3898 767 3953 inclinato
782 3899 933 3953 illam
953 3900 1374 3955 adoret.-M54.

176 3985 200 4012 ⁰
242 3969 689 4024 mature—M54.

174 4045 204 4082 d
244 4042 315 4095 Et
352 4047 537 4094 caveat
574 4058 641 4092 ne
678 4040 843 4092 nimis
884 4040 979 4093 diu
1017 4047 1199 4095 teneat
1242 4060 1375 4110 eam,

176 4132 275 4168 nec
294 4113 476 4181 aliquo
496 4111 652 4164 modo
671 4128 859 4182 corpus
878 4111 1077 4165 Christi
1097 4113 1378 4179 osculetur,

173 4203 274 4239 nec
322 4199 482 4253 super
540 4180 720 4235 oculos
779 4190 960 4252 ponat,
1020 4183 1161 4236 sicut
1207 4184 1382 4237 solent

175 4255 399 4326 quidam
418 4252 575 4306 stulti
593 4252 779 4320 facere,
801 4269 898 4305 nec
916 4253 1153 4322 aliquam
1175 4261 1381 4324 partem

176 4324 413 4396 corporis
453 4321 563 4375 ullo
601 4322 761 4376 modo
801 4330 1020 4392 tangere
1063 4324 1234 4392 debet,
1278 4325 1383 4378 nisi

178 4407 393 4451 tantum
434 4393 622 4462 digitis
663 4393 733 4446 ad
778 4394 877 4446 hoc
917 4395 1220 4463 specialiter
1261 4414 1383 4450 con-

178 4467 409 4523 secratis.
486 4464 637 4518 Tunc
661 4463 1042 4517 illud.--M54.

1267 228 1549 278 CANON.

2551 208 2678 272 618

1460 384 1672 462 primos
1693 403 1878 493 czuces
1897 402 2066 460 super
2088 382 2331 440 hostiam
2350 389 2402 440 et
2421 382 2673 456 calicem,

1470 461 1670 520 dicend'
1672 483 1704 519 o

1470 507 1722 598 hostiam,
1735 537 2038 619 puvxnram,
2056 537 2301 597 hostiam
2319 559 2417 598 san
2424 538 2670 619 -14ctam,

1472 619 1715 676 hostiam
1757 616 2274 695 immacuffllatam,

1552 703 1570 739 i
1592 696 1813 765 Quarta
1838 716 2006 771 super
2028 715 2252 771 panem,
2279 696 2550 767 dicend0,¹

1472 772 1762 853 pafflnem
1788 789 2041 832 sanctum
2071 775 2205 833 vitae
2231 784 2486 847 aeternae,

1551 858 1568 905 j
1592 852 1809 922 Quinta
1835 871 2001 928 super
2027 853 2274 925 calicem,
2303 853 2575 926 dicendofl

1474 939 1536 990 et
1560 930 1867 1009 califflcem
1897 929 2089 988 salutis
2128 941 2435 1009 perpetuae.

1557 1010 1742 1087 Supra
1766 1029 1894 1085 quae
1922 1009 2170 1086 propitio
2197 1029 2261 1067 ac
2286 1030 2487 1069 sereno
2514 1012 2673 1070 vultu

1473 1088 1756 1166 respicere
1795 1087 2063 1165 digneris,
2104 1095 2164 1146 et
2203 1097 2430 1166 accepta
2464 1088 2676 1150 habere

1476 1166 1622 1224 sicut
1692 1175 1921 1243 accepta
1991 1164 2200 1225 habere
2272 1168 2538 1244 dignatus
2614 1190 2674 1228 es

1477 1264 1717 1302 munera
1781 1244 1943 1321 pueri
2008 1244 2093 1302 tui
2163 1244 2301 1322 justi
2372 1245 2545 1319 Abel,
2613 1258 2675 1307 et

1477 1322 1816 1381 sacrificium
1836 1322 2176 1399 patriarchae
2198 1324 2377 1382 nostri
2396 1323 2673 1397 Abrahae,

1478 1409 1540 1460 et
1578 1402 1728 1479 quod
1755 1401 1860 1459 tibi
1900 1399 2106 1458 obtulit
2136 1421 2389 1460 summus
2416 1405 2676 1463 sacerdos

1477 1490 1611 1538 tuus
1675 1478 2113 1550 Melchisedech,
2179 1490 2436 1539 sanctum
2502 1484 2677 1541 sacri-

1480 1557 1695 1627 ficium,
1722 1555 2139 1615 immaculatam
2167 1557 2436 1617 hostiam.

1560 1636 1681 1693 Hic
1725 1636 1994 1706 sacerdos,
2036 1656 2260 1712 corpore
2307 1638 2585 1697 inclinato
2626 1648 2678 1700 et

1481 1714 1802 1772 cancellatis
1844 1714 2124 1785 manibus,
2169 1715 2343 1787 dicat,
2389 1715 2676 1794 Supplices

1481 1801 1541 1850 te
1587 1813 1651 1851 ro
1724 1812 1848 1849 mus
1891 1812 2062 1867 usque
2104 1792 2183 1849 ad
2227 1794 2346 1852 hoec
2390 1796 2555 1853 verba
2602 1818 2678 1855 ex

1481 1870 1589 1928 hac
1612 1892 1664 1928 ·a
1687 1871 1824 1928 taris
1866 1871 2312 1949 participatione.
2418 1874 2501 1930 Et
2548 1883 2680 1934 tunc

1482 1950 1666 2023 eriyat
1702 1971 1776 2019 se,
1803 1949 2124 2005 deosculans
2151 1948 2361 2007 Altare
2393 1971 2431 2007 a
2470 1952 2681 2012 dextris

1482 2028 1775 2102 sacrificii,
1799 2036 1847 2084 et
1858 2025 2050 2102 saciat
2067 2027 2293 2103 siynum
2314 2029 2495 2086 crucis
2514 2052 2684 2109 super

1484 2106 1727 2163 hostiam
1747 2114 1797 2163 et
1822 2105 2051 2163 calicem
2071 2113 2121 2163 et
2147 2107 2214 2163 in
2224 2105 2383 2180 facie
2407 2128 2532 2180 sua,
2554 2131 2684 2168 cum

1485 2184 1629 2241 dicit
1656 2185 1811 2242 omni
1840 2184 2227 2244 benedictione
2253 2184 2482 2244 coelesti.

1566 2261 1855 2340 Supplices
1899 2270 1958 2320 te
1998 2282 2279 2341 rogamuS,
2323 2266 2682 2344 omnipotens

1488 2340 1662 2412 DeuS,
1698 2341 1838 2418 jube
1882 2339 2005 2398 haec
2046 2343 2288 2419 perferri
2335 2362 2440 2419 per
2485 2366 2683 2404 manus

1484 2419 1666 2478 sancti
1719 2418 1905 2499 angeli
1960 2420 2043 2477 tui
2097 2420 2157 2477 in
2210 2420 2452 2480 sublime
2503 2424 2683 2484 altare

1485 2507 1668 2569 tuum,
1695 2497 1757 2554 in
1799 2506 2095 2575 conspectu
2135 2499 2346 2557 divinae
2375 2502 2684 2579 majestatis

1486 2583 1620 2645 tuse,
1649 2584 1716 2632 ut
1741 2583 2016 2653 quotquot

1565 2652 1688 2711 Hic
1727 2654 1940 2730 eriyens
1979 2675 2052 2726 se,
2093 2654 2367 2713 osculetur
2405 2658 2614 2718 Altare
2648 2683 2685 2718 a

1486 2732 1697 2790 deoetris
1723 2732 2018 2807 sacrificii,
2047 2732 2252 2805 dicens,

1485 2830 1560 2869 ex
1605 2809 1710 2867 hac
1758 2808 1981 2868 Altaria
2031 2812 2466 2890 participatione
2501 2835 2682 2875 sacro-

1481 2897 1738 2948 sanctum
1768 2887 1901 2946 Filii
1927 2887 2013 2947 tui

1561 2965 1588 2998 ¹⁸
1618 2964 1739 3023 Hic
1772 2965 1966 3041 faciat
2015 2968 2241 3043 siynum
2287 2970 2468 3028 crucis
2518 2993 2687 3050 super

1482 3045 1741 3117 hostiam,
1769 3043 2002 3118 dicens,¹‘

1484 3122 1766 3201 corfflpus

1565 3201 1580 3235 ¹
1609 3201 1839 3261 Deinde
1862 3222 2031 3279 super
2056 3201 2305 3275 calicem,
2335 3204 2561 3277 dicens,¹

1487 3291 1547 3339 et
1573 3278 1982 3359 sanfflguinem
2018 3284 2442 3358 sumpserimus,
2468 3287 2623 3343 omni

1569 3358 1642 3416 H
1637 3360 1691 3417 ic
1716 3359 1893 3435 siynet
1917 3380 1974 3417 se
1998 3359 2065 3417 in
2074 3357 2250 3435 facie,
2280 3362 2485 3435 dicens,

1486 3437 1959 3517 beneffidictione
1977 3436 2189 3496 coelesti
2210 3449 2271 3498 et
2294 3441 2480 3518 gratia
2498 3443 2683 3522 reple-

1485 3538 1666 3587 amur,
1687 3536 1790 3593 per
1806 3516 2044 3576 eundem
2062 3515 2354 3577 Christum
2372 3518 2680 3580 Dominum

1488 3607 1761 3653 nost-rum.
1842 3596 2050 3653 Amen.

1493 3838 1516 3867 θ
1554 3846 1676 3882 eum
1717 3828 1927 3895 fiendoe,
1967 3829 2198 3900 reposito
2233 3846 2447 3901 corpore
2484 3831 2686 3888 Christi

1489 3902 1551 3953 in
1575 3898 1688 3952 loco
1712 3899 2046 3953 su0.—M54.

1488 3971 1510 4009 f
1555 3986 1662 4022 non
1690 3969 1892 4023 habent
1916 3969 2000 4023 92.
2029 3970 2112 4022 94.
2142 3969 2226 4024 97.
2255 3970 2340 4025 98.

1495 4052 1521 4088 s
1558 4040 1694 4094 servi
1721 4040 2043 4093 tui.—M54.
2063 4041 2197 4094 Bso.

1494 4112 1524 4149 h
1562 4129 1669 4164 non
1697 4111 1897 4164 habent
1921 4111 2006 4162 92.
2035 4110 2118 4162 94.
2149 4110 2232 4164 97.
2262 4110 2347 4166 98.

1496 4183 1509 4219 ¹
1556 4199 1665 4235 non
1693 4180 1895 4234 habent
1920 4181 2004 4233 92.
2041 4181 2126 4233 94.
2155 4180 2239 4234 97.
2268 4181 2352 4236 98.

1493 4253 1510 4300 J'
1559 4270 1668 4307 non
1696 4252 1898 4304 habent
1923 4250 2007 4304 92.
2035 4251 2119 4303 94,
2147 4250 2231 4303 97.
2261 4251 2346 4305 98.

1500 4325 1528 4361 ¹¹
1566 4341 1675 4377 non
1702 4322 1905 4376 habent
1929 4321 2012 4375 92.
2041 4320 2125 4374 94.
2153 4319 2237 4374 97.
2267 4322 2350 4375 98.

1501 4396 1514 4432 ¹
1562 4413 1672 4449 non
1698 4394 1901 4448 habent
1927 4392 2011 4445 92.
2039 4391 2123 4444 94.
2152 4389 2235 4443 97.
2264 4391 2350 4445 98.
