2975 5009
270 258 401 322 363

345 430 535 506 Kyrie
562 427 812 506 eleyson.
892 429 1092 490 Gloria
1116 432 1178 490 in
1205 429 1458 492 excelsis.

349 507 576 568 Oratio-

355 586 534 658 Deus,

268 664 484 723 mundo
528 663 783 724 remedia
828 664 1153 724 contulisti:
1207 665 1478 746 populum

267 749 449 816 tuum,
503 755 873 820 quaesumuS,⁸
920 744 1217 816 Domine,⁸
1267 745 1482 804 coelesti

266 819 419 880 dono
473 840 815 899 prosequere
847 841 864 880 z
932 830 998 880 ut
1059 826 1120 880 et
1170 822 1476 900 perfectam

266 897 593 958 libertatem
634 899 898 977 consequi
938 909 1262 974 mereatur3
1304 912 1365 962 et
1401 903 1476 960 ad

267 977 444 1036 vitam
510 977 773 1056 proficiat
825 980 1253 1057 sempiternam.
1363 979 1477 1039 Per

266 1054 599 1114 Dominum.

343 1133 537 1192 Lectio
562 1133 816 1191 Actutum
841 1132 1294 1211 Apostolmum.b

350 1210 426 1268 In
479 1211 680 1270 diebus
745 1210 875 1284 illis,
931 1213 1103 1271 Stans
1151 1214 1359 1273 Petrus
1411 1215 1474 1273 in

266 1290 455 1348 medio
481 1286 677 1367 plebis,
706 1290 895 1364 dixit3
934 1289 1065 1349 Viri
1100 1291 1328 1365 fratreS,
1376 1313 1475 1352 vos

267 1367 419 1426 scitis
471 1369 622 1446 quod
678 1367 891 1428 factum
942 1378 1031 1428 est
1081 1372 1316 1430 verbum
1370 1392 1476 1450 per

267 1446 588 1505 universam
613 1446 657 1505 J
658 1447 898 1523 udaeam.
1002 1448 1293 1527 Incipiens
1321 1451 1474 1509 enim

266 1544 302 1582 a
328 1523 580 1595 Galilaea,
609 1533 735 1603 post
763 1525 1105 1604 baptismum
1141 1529 1291 1604 quod
1326 1548 1473 1608 prae-

265 1602 473 1660 dicavit
507 1603 549 1661 J
551 1601 820 1678 ohannes,
860 1604 903 1663 J
906 1624 1064 1663 esum
1105 1626 1140 1664 a
1171 1605 1472 1665 Nazareth

307 1682 548 1739 uomodo
607 1683 776 1740 unxit
834 1702 964 1741 eum
1032 1683 1189 1743 Deus
1255 1684 1473 1764 Spiritu

309 1770 474 1818 ancto
491 1768 550 1818 et
568 1760 796 1834 virtute,
809 1761 1288 1839 quipertransivit
1306 1768 1471 1823 bene-

262 1835 519 1896 faciendo
554 1846 615 1895 et
653 1840 901 1897 sanando
942 1860 1138 1900 omnes
1179 1861 1471 1920 oppressos

264 1935 300 1973 a
349 1914 588 1987 diabolo,
641 1917 906 1994 quoniam
960 1920 1114 1977 Deus
1166 1929 1291 1978 erat
1341 1941 1468 1979 cum

263 1992 398 2051 illo:
428 2002 486 2053 et
514 2013 620 2053 nos
645 2003 819 2054 testes
845 2016 1038 2055 sumus
1066 1998 1316 2054 omnium
1344 2019 1471 2077 quse

263 2070 400 2130 fecit
437 2072 500 2129 in
539 2074 770 2151 regione
805 2074 848 2133 J
849 2074 1140 2133 udaeorum
1169 2084 1228 2134 et
1255 2076 1470 2135 Hieru-

262 2149 439 2210 salem
462 2171 474 2208 :
502 2171 674 2228 quem
702 2152 1028 2211 occiderunt
1061 2154 1469 2231 suspendentes

262 2227 325 2285 in
350 2227 525 2307 ligno.
607 2229 783 2287 Hunc
811 2231 964 2289 Deus
989 2231 1276 2292 suscitavit
1295 2236 1470 2293 tertia

262 2306 376 2380 die,
423 2316 485 2364 et
532 2306 696 2365 dedit
755 2328 885 2366 eum
928 2307 1290 2369 manifestum
1337 2311 1466 2371 fieri

261 2404 378 2443 non
400 2384 554 2443 omni
573 2383 796 2464 populo,
813 2386 912 2444 sed
931 2387 1169 2446 testibus
1194 2391 1468 2468 praeordi-

262 2463 411 2521 natis
449 2482 484 2520 a
521 2465 646 2523 Deo
681 2464 839 2523 nobis
870 2466 969 2542 qui
1008 2467 1467 2528 manducavimus

261 2548 323 2600 et
351 2541 594 2600 bibimus
632 2561 761 2600 cum
800 2541 915 2615 illo,
956 2554 1253 2623 postquam
1279 2567 1467 2607 resur-

262 2620 418 2678 rexit
456 2640 492 2678 a
530 2621 788 2679 mortuis.
869 2621 947 2682 Et
990 2628 1264 2704 praecepit
1303 2626 1466 2685 nobis

261 2698 571 2787 praedicare
616 2698 822 2778 populo
868 2709 928 2760 et
968 2703 1282 2777 testificari,
1334 2705 1466 2781 quia

261 2794 382 2853 ipse
403 2785 490 2836 est
514 2779 610 2856 qui
630 2780 967 2838 constitutus
986 2789 1074 2839 est
1091 2801 1126 2839 a
1143 2783 1265 2842 Deo
1282 2783 1466 2862 judex

266 2854 518 2913 vivorum
545 2864 605 2915 et
635 2865 1006 2917 mortuorum.
1088 2860 1244 2919 Huic
1269 2881 1464 2921 omnes

263 2932 571 3013 Prophetae
597 2936 983 2995 testimonium
1022 2938 1344 3016 perhibent,
1372 2961 1463 2999 re-

261 3011 585 3071 missionem
638 3024 991 3092 peccatorum
1043 3018 1293 3096 accipere
1358 3040 1463 3098 per

260 3109 470 3149 nomen
488 3091 625 3168 ejus,
648 3112 840 3152 omnes
859 3095 957 3172 qui
973 3095 1215 3156 credunt
1230 3096 1290 3154 in
1311 3118 1459 3156 eum.

345 3167 646 3227 Gradale.⁰

332 3244 469 3301 Haec
491 3247 604 3301 dies
626 3264 788 3318 quam
812 3249 939 3304 fecit
961 3249 1225 3307 Dominus
1249 3272 1262 3307 ι
1288 3252 1462 3309 exsul-

260 3320 439 3371 temus
463 3323 517 3370 et
539 3317 788 3373 laetemur
808 3320 868 3373 in
893 3339 969 3376 ea.

274 3386 334 3442 V.
408 3388 566 3442 Dicat
597 3406 743 3444 nuno
770 3389 937 3446 Israel
967 3393 1221 3462 quoniam
1251 3393 1423 3449 bonus
1449 3414 1460 3448 z

260 3459 612 3600 qfflssffissn
625 3461 1465 3591 Qsskffifflffifflsss

259 3605 376 3654 erat
410 3599 470 3652 in
513 3599 667 3654 nobis
701 3602 768 3657 de
802 3602 844 3655 J
844 3620 938 3657 esu
985 3604 1116 3657 dum
1158 3604 1463 3675 loqueretur

259 3670 413 3725 nobis
434 3670 496 3723 in
518 3669 654 3725 via.d

338 3742 687 3819 sequentias

260 3820 445 3897 Zyma
470 3830 628 3880 vetus
655 3829 1020 3901 expurgetur,

261 3899 354 3959 Ut
380 3899 594 3959 sincere
623 3899 939 3959 celebretur

335 3976 503 4035 Nova
526 3977 880 4036 resurrectio.

256 4056 405 4116 Haec
429 4063 516 4115 est
540 4055 660 4115 dies
687 4064 896 4116 nostrae
922 4057 1059 4135 spei,

255 4135 450 4194 Hu'us
477 4135 621 4192 mira
645 4134 729 4191 vis
752 4135 868 4193 diei

390 4214 507 4293 egis
531 4212 873 4272 testimonio.

250 4339 280 4369 ⁸
315 4346 425 4384 non
450 4330 651 4384 habent
676 4327 759 4383 94.
788 4327 873 4386 97.

251 4402 279 4440 b
313 4417 427 4472 cap.
453 4417 504 4454 x.
533 4400 590 4454 F.
620 4399 689 4470 (v.
719 4399 935 4473 37-43.)

249 4480 274 4510 θ
311 4470 398 4525 Ps.
424 4470 579 4527 cxvii.
608 4471 806 4542 (cxviii.
832 4473 918 4544 24,
946 4473 1022 4545 2.)

615 584 713 662 qui
789 585 1151 646 solemnitate
1226 586 1483 646 Paschali

960 275 1182 323 FEIuA
1219 275 1556 325 SECUNDA
1590 270 1764 321 Pos'r
1801 270 2103 320 PAsan.

2674 261 2779 323 364

1600 428 1749 487 Haeo
1775 427 2096 507 AEgyptum
2122 428 2400 508 spoliavit,

1599 506 1677 566 Et
1703 506 1984 567 Hebraeos
2011 506 2274 566 liberavit

1678 586 1767 644 De
1794 585 2021 644 fornace
2047 585 2265 660 ferrea3

1596 662 1711 721 His
1737 662 1798 720 in
1825 672 1984 722 arcto
2007 664 2347 739 constitutis,

1595 740 1753 820 Opus
1779 749 1905 800 erat
1932 742 2241 814 servitutis,

1672 818 1911 892 Lutum,
1938 819 2100 892 later,
2129 820 2310 898 palea.

1592 895 1728 955 Jam
1756 898 1965 956 divinae
1992 897 2111 956 laus
2139 900 2386 972 virtutis,

1591 974 1725 1033 Jam
1753 976 2050 1054 triumphi,
2070 978 2193 1055 jam
2221 977 2436 1051 salutis,

1674 1053 1812 1115 Vox
1839 1066 2098 1133 erumpat
2123 1055 2338 1129 libera;

1593 1131 1742 1192 Haec
1767 1139 1856 1191 est
1880 1134 2001 1191 dies
2027 1153 2196 1210 quam
2223 1134 2360 1193 fecit
2384 1134 2677 1207 Dominus,

1593 1211 1731 1270 Dies
1759 1212 1937 1270 nostri
1957 1212 2168 1270 doloris
2193 1215 2493 1288 terminus,

1672 1289 1811 1347 Dies
1836 1289 2140 1350 salutifera.

1590 1366 1720 1425 Le1
1747 1375 1835 1426 est
1859 1370 2063 1426 umbra
2085 1368 2428 1444 futurorum,

1589 1444 1854 1504 Christus
1881 1446 2013 1504 finis
2043 1448 2467 1527 promissorum,

1668 1524 1779 1592 Qui
1810 1538 2165 1585 consummat
2189 1528 2398 1586 omnia.

1588 1600 1805 1661 Christi
1830 1605 2054 1683 sanguis
2081 1605 2306 1683 igneam

1588 1680 1903 1740 Hebetavit
1928 1683 2281 1760 romphaeam

1667 1759 1888 1818 Amota
1905 1762 2170 1819 custodia.

1588 1836 1741 1896 Puer
1768 1839 1947 1897 nostri
1971 1837 2154 1898 forma
2177 1840 2341 1914 risus,

1584 1914 1700 1974 Pro
1725 1936 1838 1994 quo
1864 1937 2076 1976 vervex
2102 1928 2186 1981 est
2212 1919 2437 1993 occisus,

1667 1993 1828 2054 Vitae
1855 1995 2042 2075 signat
2064 1997 2349 2074 gaudium.

1582 2071 1626 2130 J
1627 2073 1800 2153 oseph
1828 2076 1949 2134 exit
1974 2074 2046 2132 de
2072 2076 2355 2149 cisterna;

1583 2151 1626 2210 J
1629 2171 1754 2210 esus
1780 2151 1933 2211 redit
1957 2153 2030 2210 ad
2056 2173 2301 2233 superna

1662 2230 1802 2289 Post
1825 2232 2027 2290 mortis
2053 2231 2406 2312 supplicium.

1582 2307 1700 2367 Hic
1725 2308 1994 2368 dracones
2021 2310 2334 2370 Pharaonis

1586 2385 1774 2446 Draco
1799 2394 1977 2461 vorat,
2003 2408 2039 2446 a
2062 2389 2320 2450 draconis

1664 2464 1947 2524 Immunis
1970 2466 2205 2527 malitia.

1580 2543 1735 2611 Quos
1761 2543 1972 2623 ignitus
2000 2545 2279 2619 vulnerat,

1580 2622 1709 2681 Hos
1734 2624 2018 2702 serpentis
2042 2625 2250 2684 liberat

1659 2699 1838 2760 AEnei
1864 2703 2184 2780 praesentia.

1582 2778 1854 2858 Anguem
1881 2779 2030 2840 forat
2054 2781 2115 2838 in
2141 2780 2375 2840 maxilla

1579 2856 1839 2916 Christus
1865 2857 2064 2918 hamus
2091 2868 2152 2920 et
2175 2859 2429 2935 armilla;

1658 2934 1733 2993 In
1760 2956 2000 2996 caverna
2018 2938 2197 3017 reguli

1578 3013 1823 3073 Manum
1851 3017 2034 3076 mittit
2051 3018 2379 3093 ablactatus,

1577 3092 1659 3152 Et
1682 3094 1762 3152 sic
1780 3092 1925 3173 fugit
1950 3100 2284 3156 exturbatus

1659 3171 1846 3232 Vetus
1871 3173 1974 3231 hos
2101 3175 2306 3234 saeculi.

1578 3249 1849 3310 Irrisores
1872 3252 1971 3311 He
1999 3254 2112 3311 ‘saei

1575 3328 1720 3390 Cum
1751 3331 2080 3390 conscendit
2104 3332 2341 3391 domum
2368 3333 2501 3407 Dei,

1658 3408 1862 3468 Zelum
1890 3409 2028 3468 calvi
2055 3411 2327 3471 sentiunt.

1578 3486 1764 3546 David
1789 3489 2136 3566 arreptitius,

1578 3565 1788 3624 Hircus
1816 3568 2135 3626 emissarius

1655 3644 1735 3703 Et
1758 3665 1952 3723 passer
1976 3646 2279 3726 effugiunt.

1575 3721 1649 3780 In
1676 3723 1910 3782 maxilla
1933 3724 2087 3784 mille
2113 3727 2339 3797 sternit,

1575 3798 1656 3858 Et
1680 3802 1753 3861 de
1779 3802 1931 3861 tribu
1956 3823 2057 3861 sua
2080 3803 2301 3894 spernit

1654 3880 1930 3959 Sampson
1958 3883 2402 3940 matrimonium.

1574 3956 1849 4037 Sampson
1881 3959 2055 4020 Gazae
2082 3980 2232 4020 seras
2257 3962 2478 4039 pandit,

1570 4033 1651 4095 Et
1676 4046 1968 4116 asportans
1991 4048 2183 4117 portas
2208 4040 2427 4098 scandit

1647 4115 1869 4175 Montis
1885 4117 2264 4195 supercilium.

1569 4335 1597 4373 ‘¹
1634 4335 1795 4392 Lucae
1819 4354 1931 4409 cap.
1958 4337 2102 4394 xxiv.
2131 4338 2202 4410 (v.
2236 4337 2346 4409 32.)

1568 4407 1820 4532 ΞΒΩιὲεέτθ
1861 4414 1982 4482 post
2028 4408 2327 4466 Commune
2366 4407 2768 4464 Sanctorum.—
