2975 5009
114 205 229 268 385
591 217 945 267 nomch
980 216 1209 266 anA
1241 217 1416 269 Pos'r
1449 221 1777 274 oc'rAVAs
1809 225 2126 274 PAsonAE.
2167 232 2172 237 ·
2485 209 2615 272 386

168 373 461 452 Proefatio.
554 375 637 434 Et
682 382 742 434 te
789 375 1039 453 quidem.
1123 374 1299 450 Infra

113 453 372 513 Ganonem
398 454 899 515 communicantes
920 462 970 512 et
997 454 1167 513 Hanc
1193 454 1299 532 igi-

177 609 556 669 G'ommumio.⁸

167 687 367 741 Pascha
390 692 639 740 nostrum
663 685 978 740 immolatus
1001 691 1083 741 est
1120 685 1299 740 Chris-

116 763 196 828 tus,
215 758 449 829 alleluya
477 777 488 809 :
515 757 700 827 itaque
725 756 1005 839 epulemur
1019 758 1078 809 in
1098 758 1301 830 azymis

117 828 415 883 sinceritatis
463 832 519 881 et
566 828 827 898 veritatis,
874 828 1124 900 alleluya,
1170 827 1298 884 alle-

119 898 237 970 luya,
261 898 515 969 alleluya.

178 969 649 1028 Postcommunio.

180 1049 452 1127 Spiritum
495 1050 676 1121 nobis,
706 1046 971 1118 Domine,
999 1055 1117 1105 tuse
1157 1045 1302 1104 cari—

121 1128 231 1185 tatis
280 1127 563 1200 infunde3
627 1137 693 1185 ut
744 1145 882 1203 quos
935 1125 1301 1185 sacramentis

120 1203 446 1282 paschalibus
486 1206 723 1277 satiasti,
753 1214 853 1262 tua
879 1204 1047 1263 facias
1128 1204 1301 1263 ietate

120 1285 413 1343 concordes.
497 1282 612 1344 Per
652 1284 983 1342 Dominum.
1106 1304 1144 1340 n
1172 1284 1301 1341 uni·

119 1369 219 1421 tate
243 1363 515 1440 ejusdem.

181 1510 364 1568 Missa
410 1508 804 1569 Dominicalis
846 1529 956 1586 per
1007 1508 1302 1567 hebdoma-

123 1588 236 1646 dam
261 1588 492 1646 dicitur.

183 1666 278 1723 Ad
301 1666 573 1724 Missam.
660 1665 974 1741 Officium.¹’

176 1745 344 1813 Quasi
360 1745 530 1803 modo
543 1744 726 1823 geniti
744 1743 1011 1816 infantes,
1027 1742 1300 1820 alleluya:

122 1823 456 1882 rationabiles
481 1824 605 1882 sine
640 1821 771 1881 dolo
796 1821 881 1880 lac
906 1823 1303 1900 concupiscite,

123 1900 353 1979 alleluya,
381 1900 641 1978 alleluya,
668 1900 927 1977 alleluya,

189 1981 492 2038 Psalmus.⁰

180 2057 450 2112 Exsultate
485 2057 598 2112 Deo
631 2055 870 2128 adjutori
903 2060 1087 2111 nostro
1112 2074 1124 2124 ;
1156 2055 1305 2126 jubi-

126 2125 217 2181 late
238 2128 346 2183 Deo
368 2128 555 2184 Jacob.

188 2199 316 2259 Non
353 2201 570 2259 dicitur
614 2198 812 2258 Gloria
849 2197 910 2256 in
957 2196 1194 2258 excelsis
1239 2197 1307 2256 in

116 2275 263 2352 feriis
293 2300 403 2356 per
447 2287 632 2340 totum,
677 2297 914 2349 armum,
966 2277 1194 2353 quando
1239 2276 1309 2334 de

120 2354 254 2431 feria
278 2357 471 2433 ayitur
493 2379 516 2428 ;
555 2377 654 2415 ‘nec
679 2356 774 2415 Ite
800 2356 972 2415 missa
996 2363 1102 2415 est.

199 2434 407 2494 Oratio.

197 2512 426 2587 Praesta,
487 2532 786 2584 uoesumus,
810 2509 1169 2590 omnipotens
1189 2512 1308 2570 De-

130 2610 201 2661 us,
236 2602 298 2651 ut
333 2594 430 2670 qui
516 2590 761 2650 aschalia
783 2590 929 2648 festa
966 2591 1306 2668 peregimus,

130 2667 251 2741 haec,
298 2680 356 2730 te
417 2670 506 2729 lar
545 2672 714 2746 iente,
768 2669 1020 2727 moribus
1081 2677 1143 2728 et
1192 2669 1311 2728 vita

133 2755 419 2809 teneamus.
551 2769 614 2808 er
642 2748 970 2805 Dominum.

182 2826 270 2893 ,In
303 2828 558 2886 omnibus
580 2826 757 2903 feriis
797 2823 1035 2882 Paschoe
1070 2833 1310 2902 tempore

133 2911 177 2960 et
209 2905 269 2963 in
302 2907 558 2965 omnibus
580 2904 747 2980 sestis
789 2904 967 2960 trium
1015 2903 1311 2961 lectionwm

132 2982 234 3039 sine
269 2985 538 3060 reyimine
563 2982 737 3054 chori,
758 2981 1030 3038 dicuntur
1069 2990 1176 3040 tres
1202 2981 1311 3039 col-

62 3098 73 3109 ·
133 3058 260 3119 lectoe
300 3063 445 3120 sicut
483 3062 550 3119 in
584 3061 791 3138 prima
832 3060 1146 3118 Dominica
1184 3059 1313 3117 Ad-

133 3147 302 3197 verum
325 3141 573 3199 Domini
588 3146 971 3217 praenotatum
997 3146 1093 3196 est.

220 3217 406 3278 Lectio
469 3217 746 3296 Epistolae
813 3216 961 3275 beati
1025 3216 1082 3275 J
1074 3215 1316 3275 ohemrzis

131 3291 181 3350 A
245 3297 419 3354 stoli}¹

178 3315 499 3447 Pgerissimi,
559 3374 749 3433 Omne
798 3374 948 3451 quod
988 3379 1187 3431 natum
1226 3378 1320 3431 est

137 3470 200 3508 ex
231 3454 366 3526 Dec,
397 3452 574 3512 vincit
613 3452 927 3510 mundum:
970 3458 1030 3510 et
1068 3450 1192 3509 heec
1233 3457 1321 3509 est

136 3529 345 3592 victoria
408 3551 538 3610 quse
598 3531 773 3614 vincit
825 3531 1121 3600 mundum,
1176 3528 1321 3587 fides

139 3620 325 3669 nostra.
433 3610 575 3679 Quis
623 3616 711 3668 est
754 3617 944 3668 autem
1000 3608 1098 3686 qui
1144 3607 1322 3665 vincit

139 3690 412 3762 mundum,
431 3689 540 3747 nisi
555 3689 652 3766 qui
668 3689 849 3747 credit
865 3688 1132 3765 quoniam
1152 3685 1195 3743 J
1198 3705 1322 3743 esus

140 3776 212 3824 est
234 3767 408 3827 Filius
437 3768 583 3826 Dei?
664 3766 782 3825 Hic
803 3777 890 3825 est
917 3765 1014 3842 qui
1035 3763 1193 3822 venit
1219 3783 1323 3842 per

138 3860 316 3919 aquam
354 3856 415 3907 et
440 3846 793 3925 sanguinem,
822 3844 865 3903 J
868 3863 993 3903 esus
1028 3841 1321 3902 Christus:

141 3938 239 3980 non
279 3925 339 3983 in
385 3944 533 4003 aqua
576 3923 776 3995 solum,
822 3923 920 3981 sed
967 3923 1028 3980 in
1076 3940 1222 3997 aqua
1265 3929 1325 3979 et

137 4003 406 4080 sanguine.
490 4002 573 4062 Et
598 4000 841 4079 Spiritus
869 4009 956 4059 est
990 3999 1089 4078 qui
1116 3998 1322 4057 testifi-

136 4086 292 4154 catur,
339 4081 605 4159 quoniam
658 4078 920 4140 Christus
971 4086 1058 4137 est
1100 4077 1325 4136 veritas,

135 4229 163 4259 ⁸
192 4224 217 4277 1
240 4229 305 4282 ad
328 4228 445 4283 Cor.
474 4246 522 4282 v.
553 4228 627 4299 (7,
656 4226 731 4299 8.)

135 4292 165 4331 Β
195 4294 220 4347 1
244 4298 387 4354 Petri
412 4299 470 4354 ii.
511 4298 610 4368 (2.)

136 4372 161 4402 o
192 4364 268 4422 Ps.
293 4371 439 4424 lxxx.
468 4368 661 4441 (lxxxi.
690 4368 765 4439 1.)

136 4433 165 4473 ‘¹
196 4436 223 4488 l
243 4438 450 4575 «Iohaip5
464 4457 578 4512 cap.
604 4457 654 4495 v.
682 4439 753 4493 A.
782 4437 853 4510 (v.
880 4435 1064 4506 4-10.)

1406 379 1691 445 Quoniam
1732 388 1851 440 tres
1894 391 2029 442 sunt
2076 380 2172 461 qui
2217 384 2608 444 testimonium

1400 457 1544 516 dant
1594 459 1657 516 in
1710 459 1888 520 coelo:
1959 462 2152 535 Pater,
2211 463 2494 535 Verbum,
2550 474 2610 524 et

1404 535 1653 615 Spiritus
1699 536 1974 597 Sanctus:
2044 550 2104 600 et
2147 540 2209 598 hi
2262 550 2379 601 tres
2429 564 2607 602 unum

1402 625 1556 673 sunt.
1659 615 1740 675 Et
1764 625 1883 675 tres
1910 627 2044 677 sunt
2079 620 2177 696 qui
2216 621 2608 681 testimonium

1401 692 1545 751 dant
1607 693 1669 751 in
1736 702 1933 754 terra:
2004 698 2270 776 SpirituS,
2337 720 2483 778 aqua
2547 710 2608 760 et

1402 771 1663 850 sanguis:
1722 783 1783 833 et
1829 787 1855 816 θ
1880 774 1942 833 hi
1971 789 1996 819 Θ
2049 785 2169 835 tres
2223 798 2400 835 unum
2454 787 2606 838 sunt.

1401 847 1462 907 Si
1507 851 1898 911 testimonium
1942 853 2242 914 hominum
2286 857 2609 935 accipin1u8‚

1401 929 1791 988 testimonium
1826 932 1938 991 Dei
1965 934 2147 1013 majus
2173 944 2295 995 est:
2339 937 2607 1013 quoniam

1402 1005 1509 1065 hoc
1550 1016 1636 1066 est
1674 1011 2064 1070 testimonium
2106 1012 2217 1073 Dei
2245 1015 2392 1093 quod
2423 1015 2608 1093 majus

1403 1094 1509 1155 est,
1536 1086 1669 1164 quia
1705 1089 2043 1151 testificatus
2084 1101 2172 1151 est
2197 1094 2269 1152 de
2311 1094 2463 1152 Filio
2488 1113 2605 1153 suc.

1402 1164 1515 1232 Qui
1542 1166 1723 1224 credit
1761 1167 1821 1224 in
1851 1168 2059 1229 Filium
2087 1170 2218 1243 Dei,
2247 1171 2421 1233 habet
2446 1173 2608 1233 testi-

1402 1244 1656 1301 monium
1686 1245 1796 1304 Dei
1828 1247 1887 1303 in
1915 1268 1993 1307 se.

1479 1320 1631 1379 Loco
1661 1322 1939 1384 Gradalis
1966 1327 2195 1386 dicatum
2219 1330 2337 1399 hoc,

1472 1397 1745 1470 Alleluya.
1795 1403 1855 1457 V.
1943 1404 2076 1459 Post
2115 1405 2230 1459 dies
2270 1412 2388 1460 octo
2421 1406 2611 1477 januis

1399 1467 1594 1523 clausis
1609 1470 1760 1524 stetit
1778 1472 1818 1525 J
1820 1491 1940 1527 esus
1955 1475 2015 1527 in
2034 1476 2211 1530 medio
2224 1477 2609 1548 discipulorum

1399 1557 1650 1593 suorum:
1688 1547 1744 1595 et
1766 1543 1921 1613 dixit,
1948 1544 2066 1600 Pax
2091 1547 2252 1601 vobis.

1473 1610 1745 1682 Alleluya.
1809 1614 1868 1667 V.
1961 1616 2209 1687 Angelus
2251 1616 2473 1672 Domini
2519 1618 2610 1673 de-

1402 1680 1612 1734 scendit
1658 1682 1724 1736 de
1767 1684 1902 1738 coelo
1938 1705 1949 1738 :
1981 1691 2036 1740 et
2082 1688 2337 1743 accedens
2382 1689 2614 1745 revolvit

1403 1751 1654 1823 lapidem,
1682 1757 1736 1806 et
1760 1755 1977 1810 sedebat
1999 1774 2158 1829 super
2182 1776 2323 1813 eum.

1482 1823 1659 1881 Alius
1696 1824 1909 1885 Versus.

1650 1903 1821 1957 ndens
1843 1909 2024 1958 autem
2044 1906 2269 1977 angelus
2285 1907 2428 1962 dixit
2450 1907 2609 1963 muli-

1401 1970 1582 2025 eribus
1604 1992 1613 2025 :
1642 1973 1809 2037 Quem
1836 1975 2114 2044 quaeritis?
2135 1977 2248 2034 illae
2266 1984 2448 2034 autem
2464 1979 2610 2035 dixe-

1402 2047 1536 2095 runt
1564 2062 1575 2094 :
1601 2042 1792 2097 «Iesum
1827 2046 2209 2103 Nazarenum.¹'

1483 2114 1600 2172 Isti
1638 2115 1751 2173 duo
1796 2116 2002 2176 Versus
2042 2119 2313 2179 dicmztur
2349 2143 2452 2200 per
2488 2121 2610 2180 heb-

1404 2191 1712 2251 domadam
1748 2197 1981 2254 alternis
2016 2199 2231 2257 vicibus
2255 2222 2273 2259 .·
2312 2201 2400 2258 ita
2427 2209 2614 2259 tamen

1406 2271 1557 2347 quod
1592 2271 1790 2331 Versus
1816 2273 2162 2345 Respondens
2176 2280 2373 2358 primo
2398 2280 2615 2338 dicitur

1408 2349 1636 2425 quando
1662 2351 1730 2409 de
1753 2353 1915 2429 feria
1948 2357 2158 2432 aqitur.
2240 2358 2322 2416 Et
2359 2360 2414 2416 si
2451 2359 2615 2417 nulla

1393 2425 1558 2503 feria
1602 2449 1710 2506 per
1751 2432 1896 2491 hanc
1942 2434 2346 2494 hebdomadam
2392 2438 2472 2495 ad
2517 2438 2616 2496 hoc

1408 2508 1745 2580 vacaverit;
1812 2519 1944 2568 tunc
2004 2515 2240 2572 ultimus
2302 2515 2502 2574 Versus
2556 2536 2616 2574 eo
2705 2582 2718 2595 ⁵

1411 2603 1563 2641 anno
1589 2588 1818 2646 omnino
1837 2592 2324 2665 praeter‘mittatur.

1492 2660 1580 2719 Et
1619 2666 1934 2723 notandum
1979 2676 2075 2740 est,
2122 2671 2273 2747 quod
2319 2672 2478 2729 omni
2523 2669 2618 2727 die

1402 2760 1513 2816 per
1564 2740 1664 2797 hoc
1716 2743 1869 2800 idem
1914 2752 2129 2822 ternpus
2181 2748 2453 2806 dicuntur
2504 2748 2619 2806 duo

1411 2815 1672 2887 Alleluya
1699 2820 1777 2875 ad
1800 2822 2052 2893 missam,
2076 2824 2143 2882 de
2170 2846 2490 2902 quocunque
2504 2828 2620 2901 fiat

1412 2911 1440 2950 8
1458 2897 1751 2954 servitium
1767 2905 1795 2943 Β
1812 2920 1836 2969 ,·
1864 2902 2097 2976 exceptis
2117 2903 2337 2978 viyiliis
2363 2904 2616 2978 Paschae,

1414 2974 1798 3047 Ascerzsionis,
1827 2985 1877 3034 et
1904 2977 2243 3038 Pentecoste-s
2266 3003 2288 3052 ;
2328 2990 2378 3040 et
2409 2983 2529 3040 nisi
2554 2983 2620 3041 in

1414 3054 1604 3111 missis
1630 3075 1752 3131 quae
1777 3055 1844 3112 in
1860 3057 2206 3133 processione
2231 3059 2519 3120 dicuntur.

1495 3130 1815 3191 Secundum
1840 3133 1897 3191 J
1888 3135 2214 3194 οῙια-ηηετη.11

1498 3210 1570 3267 In
1627 3210 1725 3269 illo
1779 3218 2056 3290 tempore,
2102 3213 2246 3273 Cum
2294 3223 2447 3275 esset
2499 3236 2624 3276 sero

1418 3289 1512 3347 die
1572 3287 1685 3360 illo,
1744 3310 1857 3348 una
1912 3293 2293 3365 sabbatorum,
2356 3302 2417 3353 et
2474 3294 2623 3355 fores

1420 3375 1609 3426 essent
1634 3367 1857 3440 clausae,
1883 3370 1979 3427 ubi
2008 3379 2174 3429 erant
2207 3372 2462 3450 discipuli
2493 3394 2623 3432 con-

1420 3446 1640 3524 gregati
1699 3456 1935 3527 propter
1987 3460 2203 3507 metum
2263 3450 2621 3525 Judaeorum,

1423 3525 1581 3581 venit
1632 3525 1818 3597 JesuS,
1868 3534 1928 3585 et
1977 3528 2139 3586 stetit
2189 3528 2250 3585 in
2306 3531 2508 3603 medio,
2564 3542 2625 3590 et

1421 3603 1574 3660 dixit
1617 3603 1732 3677 eis;
1792 3606 1917 3664 Pax
1958 3607 2133 3665 vobis.
2233 3605 2312 3666 Et
2349 3629 2475 3667 cum
2521 3609 2628 3668 hoc

1422 3681 1681 3755 dixisset,
1711 3684 1961 3743 ostendit
2001 3685 2081 3742 eis
2121 3705 2320 3744 manus
2360 3695 2420 3745 et
2460 3688 2622 3746 latus.

1427 3759 1623 3819 Gavisi
1661 3770 1795 3820 sunt
1842 3782 1977 3840 ergo
2023 3763 2297 3842 discipuli,
2346 3765 2461 3823 viso
2508 3766 2625 3825 Do-

1426 3840 1601 3896 mino.
1710 3839 1879 3899 Dixit
1920 3861 2054 3919 ergo
2094 3842 2174 3901 eis
2210 3843 2458 3915 iterum;
2502 3845 2628 3904 Pax

1426 3917 1600 3975 vobis.
1685 3918 1844 3977 Sicut
1879 3920 2035 3979 misit
2072 3941 2166 3980 me
2207 3920 2397 3993 Pater,
2427 3933 2486 3983 et
2524 3944 2630 4002 ego

1428 3996 1595 4054 mitto
1642 4016 1756 4055 vos.
1865 3998 2013 4057 Haec
2059 4020 2186 4058 cum
2239 4001 2494 4073 dixisset,
2543 4004 2631 4060 in-

1428 4074 1679 4133 sufflavit
1705 4085 1765 4135 et
1804 4076 1956 4135 dixit
1983 4078 2099 4151 eis;
2146 4079 2408 4159 Accipite
2450 4081 2631 4160 Spiri-

1431 4232 1456 4261 0
1492 4239 1603 4277 non
1628 4224 1832 4278 habent
1856 4223 1939 4277 92.
1968 4223 2052 4278 98.
2080 4225 2145 4280 V.

1434 4294 1455 4330 s
1494 4293 1692 4348 Johan.
1721 4311 1808 4347 xx.
1838 4294 1972 4366 (26.)
1996 4295 2362 4367 Matt.{xxviii.
2393 4300 2463 4371 (v.
2484 4301 2534 4372 2,
2558 4301 2632 4375 5.)

1431 4372 1459 4409 8
1495 4380 1607 4417 non
1631 4365 1835 4419 habent
1859 4364 1944 4418 92.
1972 4364 2056 4418 94.
2085 4365 2171 4421 98.

1432 4433 1461 4470 ¹¹
1499 4451 1611 4507 cap.
1638 4452 1729 4490 xx.
1755 4433 1817 4489 E.
1846 4434 1917 4506 (v.
1948 4434 2165 4508 19-31.)
