2975 5009
133 295 248 360 461

137 485 292 525 nemo
342 464 489 524 vidit
539 482 811 541 unquam.
913 460 973 520 Si
1026 459 1330 539 diligamus

139 545 385 618 invicem,
442 543 601 602 Deus
668 543 729 598 in
785 539 946 597 nobis
999 549 1213 612 manet,
1269 547 1330 598 et

140 623 327 681 caritas
353 623 474 701 ejus
500 621 561 678 in
590 619 754 678 nobis
781 618 1033 696 perfecta
1058 626 1162 676 est.
1255 616 1330 674 In

142 700 237 759 hoc
303 715 332 744 ⁸
349 699 724 777 intelligimus
748 704 774 729 ⁸
826 696 1092 774 quoniam
1146 695 1208 753 in
1263 713 1330 754 eo

144 798 424 838 manemus
452 786 513 837 et
551 781 672 855 ipse
711 776 772 833 in
809 774 1010 833 nobis:
1066 772 1330 851 quoniam

142 858 206 916 de
245 858 461 936 Spiritu
502 875 602 914 suo
635 854 798 912 dedit
836 853 1015 911 nobis.
1111 852 1192 910 Et
1233 869 1335 909 nos

143 936 371 994 vidimus
386 943 448 994 et
463 933 857 1001 testificamur,
868 929 1135 1007 quoniam
1157 930 1334 987 Pater

145 1014 286 1073 misit
311 1012 526 1072 Filium
548 1031 713 1068 suum
742 1007 1094 1070 Salvatorem
1115 1007 1332 1065 mundi.

147 1091 404 1170 Quisquis
471 1088 754 1148 confessus
824 1085 998 1146 fuerit
1068 1086 1333 1163 quoniam

145 1169 299 1229 Jesus
351 1178 442 1229 est
501 1166 681 1226 Filius
745 1165 877 1240 Dei,
931 1163 1090 1222 Deus
1155 1164 1217 1220 in
1270 1182 1339 1221 eo

146 1254 347 1319 manet,
377 1256 439 1307 et
463 1245 584 1325 ipse
611 1249 673 1302 in
713 1244 855 1303 Deo.
961 1242 1043 1303 Et
1080 1261 1183 1300 nos
1207 1261 1340 1319 cog-

148 1327 394 1385 novimus
447 1336 509 1384 et
560 1324 844 1383 credimus
896 1320 1121 1379 caritati
1166 1339 1337 1397 quam

147 1403 309 1464 habet
354 1405 516 1464 Deus
555 1402 616 1459 in
663 1401 840 1459 nobis.
940 1399 1098 1458 Deus
1137 1399 1340 1457 caritas

149 1492 260 1542 est:
301 1491 364 1542 et
397 1482 498 1560 qui
524 1489 721 1539 manet
745 1480 806 1538 in
833 1477 1090 1549 caritate,
1115 1477 1178 1534 in
1221 1477 1342 1535 Deo

149 1569 331 1619 manet
350 1569 413 1619 et
439 1560 598 1618 Deus
623 1560 686 1615 in
707 1576 791 1617 eo.
871 1556 944 1614 In
966 1555 1071 1614 hoc
1091 1554 1343 1634 perfecta

149 1648 227 1698 est
275 1640 480 1698 caritas
534 1643 563 1681 b
589 1637 898 1705 nobiscum,
952 1642 1018 1693 ut
1076 1633 1342 1692 fiduciam

149 1716 446 1777 habeamus
487 1717 550 1775 in
592 1716 688 1774 die
726 1713 962 1791 judicii:
1021 1713 1155 1789 quia
1197 1712 1344 1770 sicut

149 1795 234 1854 ille
260 1805 365 1868 est,
394 1802 454 1854 et
493 1813 596 1852 nos
636 1811 828 1852 sumus
864 1792 928 1848 in
968 1790 1074 1848 hoc
1113 1790 1342 1848 mundo.

150 1874 336 1933 Timor
357 1893 472 1931 non
495 1881 583 1932 est
603 1873 665 1930 in
683 1871 942 1929 caritate:
970 1869 1070 1928 sed
1090 1869 1344 1946 perfecta

150 1954 341 2012 caritas
368 1951 518 2009 foras
545 1951 730 2008 mittit
757 1949 1047 2019 timorem,
1074 1946 1344 2025 quoniam

150 2031 311 2091 timor
330 2049 560 2109 poenam
579 2028 786 2088 habet:
828 2026 926 2104 qui
944 2035 1137 2084 autem
1156 2026 1344 2096 timet,

149 2128 253 2166 non
294 2118 385 2169 est
432 2106 716 2186 perfectus
760 2105 821 2163 in
869 2104 1121 2162 caritate.
1219 2102 1281 2160 N
1284 2122 1345 2161 os

151 2207 273 2266 ergo
312 2186 618 2266 diligamus
658 2185 867 2254 Deum,
908 2182 1172 2261 quoniam
1222 2181 1344 2259 ipse

150 2268 292 2345 prior
346 2264 555 2323 dilexit
607 2282 729 2321 nos.
835 2260 897 2321 Si
950 2260 1077 2337 quis
1129 2259 1346 2317 dixerit

149 2345 404 2421 quoniam
425 2342 602 2421 diligo
620 2341 826 2413 Deum,
844 2347 904 2399 et
923 2337 1160 2397 fratrem
1178 2357 1342 2396 suum

149 2423 341 2494 oderit,
388 2421 640 2480 mendax
682 2426 786 2479 est.
882 2416 995 2486 Qui
1035 2416 1189 2475 enim
1228 2434 1343 2474 non

150 2500 324 2581 diligit
393 2499 635 2558 fratrem
701 2517 865 2556 suum
931 2515 1100 2572 quem
1169 2495 1342 2566 videt,

149 2578 324 2638 Deum
369 2598 541 2657 quem
583 2597 700 2635 non
739 2575 898 2634 videt
934 2572 1216 2650 quomodo
1242 2592 1344 2650 po-

149 2665 251 2717 test
301 2655 599 2735 diligere?
705 2654 786 2712 Et
850 2653 959 2711 hoc
1010 2652 1343 2709 mandatum

150 2734 413 2796 habemus
441 2755 476 2792 a
505 2737 626 2793 Deo
649 2753 660 2790 :
703 2740 769 2791 ut
795 2732 891 2809 qui
919 2728 1109 2810 diligit
1135 2730 1342 2802 Deum,

150 2814 239 2872 dili
309 2824 339 2873 t
367 2821 428 2872 et
454 2812 692 2871 fratrem
718 2830 902 2870 suum.

220 2836 525 2951 &adalae

211 2970 323 3041 Ego
347 2968 480 3037 dixi,
508 2966 752 3035 Domine,
775 2964 1021 3019 miserere
1044 2962 1150 3016 mei
1177 2981 1189 3015 :
1215 2978 1349 3016 sana

148 3041 382 3095 animam
407 3056 582 3093 meam
607 3039 643 3072 ὕ
659 3038 790 3107 quia
806 3036 842 3070 ἥ
865 3034 1077 3116 peccavi
1100 3033 1216 3087 tibi.

228 3113 280 3165 V.
321 3111 526 3164 Beatus
542 3108 637 3179 qui
654 3106 917 3177 intelligit
935 3122 1095 3177 super
1117 3119 1346 3174 egenum

147 3188 225 3308 «go
231 3197 522 3265 pauperem
541 3199 555 3233 ι
580 3181 643 3232 in
664 3179 753 3233 die
775 3178 924 3231 mala
948 3176 1201 3231 liberabit
1222 3191 1348 3229 eum

226 3269 425 3306 minus.

228 3323 505 3392 Alleluya.
580 3317 640 3373 V.
736 3318 915 3373 Verba
961 3333 1083 3372 mea
1127 3315 1350 3369 auribus

149 3394 371 3467 percipe,
430 3389 662 3446 Domine
710 3410 723 3443 :
773 3388 1018 3459 intellige
1064 3386 1352 3442 clamorem

148 3483 342 3520 meum.

222 3535 413 3595 Nulla
453 3532 670 3591 dicitwr
706 3529 1005 3608 Sequentia
1031 3528 1256 3605 quando
1282 3528 1350 3585 de

150 3613 462 3673 Dominica
488 3611 700 3687 ayitur,
725 3630 896 3686 usque
923 3607 1001 3666 ad
1026 3607 1352 3665 Adventum

150 3691 414 3751 Domini.

230 3767 555 3829 Secundum
580 3763 850 3823 Lucam.‘¹

228 3850 308 3908 In
332 3846 431 3905 illo
463 3854 743 3922 tempore,
772 3842 942 3901 Dixit
977 3840 1022 3901 J
1025 3862 1150 3901 esus
1188 3839 1356 3900 disci-

153 3927 300 4006 pulis
354 3924 469 3983 suis
522 3920 848 4002 parabolam
901 3921 1047 3978 hanc
1076 3941 1093 3992 ;
1159 3918 1355 3977 Homo

153 4006 386 4084 quidam
413 4011 541 4062 erat
565 4000 741 4073 diveS,
770 4007 829 4058 et
855 3999 1195 4058 induebatur
1222 4017 1355 4074 pur-

154 4104 299 4162 pura
324 4090 385 4142 et
423 4084 608 4159 bysso,
635 4088 697 4138 et
735 4077 1069 4156 epulabatur
1107 4075 1359 4155 quotidie

153 4265 184 4367 ΐ,
215 4250 863 4381 affirm&

158 4410 182 4439 e
218 4392 637 4465 Ps.11.(xn.4‚
667 4392 741 4464 1.)
766 4410 814 4449 v.
844 4392 914 4463 (v.
946 4391 1016 4464 1.)

156 4553 192 4589 ἃ
227 4545 744 4623 quoniam.-Grad.

418 303 786 359 Domch
818 300 1051 367 PRIMA
1084 300 1259 354 Posw
1291 300 1578 353 Fssswtm
1612 300 1909 352 SANc'rAE
1940 300 2383 353 'I'RINITA'I'IS-

2509 284 2640 350 462

1436 460 1748 540 splendide.
1829 458 1908 519 Et
1936 465 2061 519 erat
2095 459 2323 537 quidam
2350 460 2643 521 mendicus

1438 542 1672 599 nomine
1689 539 1958 611 Lazarus,
1976 538 2071 615 qui
2079 538 2307 615 jacebat
2320 539 2394 597 ad
2401 538 2642 615 januam

1441 620 1580 699 ejus,
1600 618 1880 677 ulceribus
1906 617 2125 697 plenus,
2146 617 2379 696 cupiens
2398 619 2642 677 saturari

1443 700 1517 757 de
1544 697 1702 756 micis
1730 716 1858 774 quae
1884 697 2158 754 cadebant
2183 695 2256 753 de
2284 715 2480 753 mensa
2497 696 2644 754 divi-

1442 778 1536 848 tis,
1566 784 1625 835 et
1660 795 1830 832 nemo
1857 774 1938 831 illi
1977 774 2182 832 dabat:
2238 773 2339 832 sed
2379 781 2439 833 et
2477 794 2643 833 canes

1443 855 1764 926 veniebant,
1820 862 1879 912 et
1924 852 2219 931 lingebant
2262 851 2452 911 ulcera
2503 854 2642 930 ejuS.

1445 934 1683 992 Factum
1701 940 1787 991 est
1802 939 1992 990 autem
2009 939 2074 987 ut
2090 939 2410 989 moreretur
2426 933 2645 989 mendi-

1446 1032 1561 1083 cuS,
1586 1019 1645 1070 et
1666 1018 1992 1090 portaretur
2012 1011 2082 1067 ab
2106 1008 2351 1087 Angelis
2371 1010 2431 1065 in
2454 1010 2644 1068 sinum

1451 1088 1730 1148 Abrahae.
1785 1088 2050 1147 Mortuus
2071 1096 2158 1145 est
2177 1096 2367 1146 autem
2389 1095 2448 1146 et
2467 1088 2646 1161 dives,

1449 1175 1511 1228 et
1548 1166 1802 1247 sepultus
1840 1174 1929 1226 est
1966 1166 2028 1225 in
2068 1164 2309 1224 inferno.
2406 1164 2650 1226 Elevans

1448 1254 1638 1306 autem
1682 1245 1865 1304 oculos
1904 1264 2031 1304 suos
2074 1264 2202 1302 cum
2242 1252 2390 1304 esset
2427 1244 2489 1302 in
2529 1253 2649 1304 tor-

1449 1324 1679 1395 mentis,
1734 1324 1878 1382 vidit
1926 1321 2225 1382 Abraham
2279 1343 2316 1381 a
2359 1322 2544 1401 longe,
2590 1333 2650 1383 et

1452 1403 1736 1462 Lazarum
1757 1403 1819 1459 in
1847 1401 1973 1459 sinu
1995 1403 2141 1479 ejus:
2182 1409 2241 1460 et
2261 1402 2382 1492 ipse
2402 1401 2650 1461 clamans

1451 1482 1638 1552 dixit;
1681 1481 1857 1540 Pater
1883 1479 2198 1549 Abraham,
2218 1499 2489 1539 miserere
2516 1482 2650 1553 mei,

1453 1567 1516 1619 et
1541 1559 1709 1618 mitte
1745 1559 2027 1616 Lazarum
2055 1565 2120 1614 ut
2145 1557 2434 1635 intinguat
2459 1567 2652 1617 extre-

1453 1658 1612 1696 mum
1653 1637 1818 1715 digiti
1858 1636 1944 1693 sui
1976 1635 2035 1691 in
2064 1647 2089 1678 Θ
2108 1655 2310 1712 aquam
2334 1649 2359 1679 θ
2382 1643 2450 1694 ut
2487 1636 2651 1695 refri-

1494 1724 1617 1775 eret
1656 1714 1906 1794 linguam
1948 1733 2152 1784 meam,
2179 1713 2312 1792 quia
2338 1713 2555 1773 crucior
2588 1716 2651 1772 in

1451 1737 1561 1853 fiac
1586 1794 1834 1853 flamma.
1916 1791 1995 1851 Et
2021 1791 2169 1850 dixit
2196 1791 2278 1849 illi
2312 1792 2610 1851 Abraham
2633 1814 2651 1867 ;

1455 1872 1587 1945 Fili,
1615 1872 1909 1932 recordare
1949 1871 2082 1947 quia
2115 1870 2376 1949 recepisti
2416 1872 2566 1930 bona
2591 1872 2653 1930 in

1454 1952 1573 2011 vita
1611 1959 1729 2023 tua,
1774 1957 1833 2009 et
1872 1950 2123 2007 Lazarus
2165 1948 2431 2007 similiter
2469 1949 2653 2008 mala:

1455 2049 1608 2088 nunc
1648 2037 1840 2088 autem
1883 2027 1978 2087 hic
2030 2027 2366 2098 consolatur,
2408 2037 2474 2087 tu
2518 2048 2657 2088 vero

1455 2108 1737 2167 cruciaris.
1835 2107 1915 2166 Et
1959 2106 2021 2163 in
2068 2103 2156 2165 his
2203 2107 2462 2165 omnibus
2504 2106 2657 2166 inter

1456 2206 1559 2245 nos
1599 2194 1659 2245 et
1697 2206 1794 2244 vos
1833 2184 1999 2243 chaos
2044 2204 2140 2242 ma
2220 2205 2317 2242 um
2361 2185 2656 2245 firmatum

1457 2272 1582 2325 est:
1626 2273 1690 2324 ut
1716 2263 1776 2321 hi
1804 2265 1900 2342 qui
1928 2262 2124 2321 volunt
2194 2263 2286 2321 inc
2312 2265 2555 2324 transire
2581 2265 2657 2323 ad

1456 2364 1573 2414 VOS,
1596 2363 1712 2401 non
1782 2342 1979 2414 ossint,
1998 2362 2179 2420 neque
2196 2341 2331 2401 inde
2347 2339 2457 2401 huc
2472 2352 2659 2403 trans-

1456 2441 1665 2481 meare.
1803 2431 1826 2479 t
1851 2422 1968 2491 ait3
2015 2420 2177 2499 Rogo
2205 2440 2340 2500 ergo
2365 2428 2443 2493 te,
2472 2430 2656 2499 pater,

1454 2508 1523 2558 ut
1562 2499 1757 2558 mittas
1784 2498 1999 2558 eumin
2040 2499 2271 2557 domum
2310 2498 2487 2577 patris
2524 2501 2657 2560 mei.

1457 2577 1663 2636 Habeo
1698 2577 1851 2636 enim
1892 2575 2139 2654 quinque
2177 2577 2401 2648 fratreS,
2441 2586 2505 2636 ut
2544 2588 2659 2637 tes-

1456 2664 1613 2713 tetur
1652 2655 1779 2726 illis,
1810 2675 1882 2713 ne
1909 2661 1968 2713 et
2007 2654 2113 2732 ipsi
2155 2655 2386 2713 veniant
2422 2655 2479 2712 in
2508 2656 2660 2716 hunc

1455 2732 1638 2790 locum
1660 2740 2095 2791 tormentorum.
2167 2733 2248 2792 Et
2267 2733 2349 2790 ait
2368 2731 2450 2790 illi
2471 2734 2660 2794 Abra-

1457 2810 1629 2882 ham3
1671 2810 1913 2869 Habent
1946 2810 2191 2886 Moysen
2218 2821 2277 2869 et
2315 2811 2658 2890 prophetas:

1455 2889 1691 2947 audiant
1735 2887 1877 2947 illos.
1982 2889 2067 2946 At
2111 2886 2207 2947 ille
2253 2888 2441 2962 dixit3
2495 2890 2656 2965 Non,

1456 2975 1618 3047 pater
1659 2966 1951 3025 Abraham
1975 2986 1992 3037 3
2047 2968 2145 3025 sed
2178 2966 2226 3025 si
2252 2966 2376 3044 quis
2403 2987 2478 3026 ex
2505 2989 2657 3028 mor-

1457 3046 1573 3105 tuis
1612 3046 1747 3105 ierit
1785 3046 1856 3104 ad
1897 3063 2010 3116 eOS,
2038 3045 2432 3122 poenitentiam
2463 3057 2656 3125 agent.

1460 3124 1572 3184 Ait
1615 3132 1807 3184 autem
1853 3121 1974 3194 i11i;
2033 3123 2096 3182 Si
2137 3123 2381 3199 Moysen
2423 3132 2483 3182 et
2525 3146 2659 3204 pro-

1459 3202 1661 3281 phetas
1700 3223 1816 3261 non
1855 3201 2114 3273 audiunt,
2143 3221 2326 3279 neque
2354 3202 2401 3259 si
2427 3204 2553 3280 quis
2581 3224 2658 3264 ex

1461 3281 1698 3339 mortuis
1725 3279 2122 3352 resurrexerit,
2150 3279 2405 3339 credent.

1542 3355 1947 3434 offertorium!

1505 3435 1740 3490 Intende
1755 3435 1869 3491 voci
1882 3433 2138 3489 orationis
2151 3450 2287 3489 meae
2303 3452 2316 3486 ε
2332 3451 2427 3489 rex
2441 3453 2593 3491 meus
2606 3442 2663 3492 et

1461 3506 1607 3636 Degs
1621 3524 1785 3577 mene,
1804 3506 2057 3577 quoniam
2074 3506 2145 3560 ad
2159 3514 2213 3561 te
2228 3506 2401 3576 orabo,
2415 3506 2658 3564 Domine.

1590 3587 1783 3636 ecreta.

1543 3657 1720 3728 Deus,
1762 3654 1861 3735 qui
1903 3675 2005 3714 nos
2044 3654 2117 3714 ad
2157 3653 2464 3735 imaginem
2502 3664 2660 3716 tuam

1463 3735 1720 3793 conditos
1773 3744 1833 3793 et
1885 3734 2249 3792 sacramentis
2314 3755 2550 3793 renovas
2603 3745 2665 3796 et

1465 3813 1787 3951 praecepti&
1817 3810 2128 3891 supplicum
2144 3832 2336 3890 preces
2353 3820 2412 3872 et
2427 3834 2667 3874 munera

1508 3892 1745 3969 enignus
1771 3902 2016 3970 accepta,
2043 3898 2110 3949 ut
2134 3892 2283 3968 quod
2311 3892 2516 3950 fiducia
2549 3913 2665 3952 non

1467 3969 1646 4028 habet
1687 3969 2042 4041 meritorum,
2111 3968 2412 4030 lacationes
2448 3973 2666 4033 obtine·

1468 4056 1574 4107 ant
1600 4048 1933 4107 hostiarum.
2092 4068 2156 4107 er
2184 4049 2518 4109 Dominum.

1473 4247 1504 4285 ‘1
1539 4244 2220 4318 cap.xvi.E.(v.19-31.)

1476 4327 1501 4426 ἓ
1537 4315 1965 4457 ert-&723⁸-
