2975 5009
117 225 237 294 257

109 409 372 475 quantur:
428 400 507 458 ita
526 408 591 461 ut
613 404 767 460 omni
787 417 816 446 ⁸
854 406 1087 467 adversa
1113 410 1311 471 valitu-

105 475 274 535 dine·
318 476 587 555 effugata,
621 481 864 542 dextera
902 493 1002 544 tua
1044 499 1309 569 protegat

106 573 231 631 quos
250 557 512 615 redemit.
583 558 697 617 Per
715 563 956 621 eundem
978 565 1300 627 Dominum.

171 632 286 690 Hic
339 645 713 711 asperyantur
751 640 925 713 flores
978 652 1029 699 et
1062 644 1301 719 frondes

105 730 241 786 aqua
257 712 541 770 benedicta
557 722 608 772 et
623 716 1029 792 thurificentur.
1075 723 1299 784 Deinde

103 792 128 831 b
145 787 349 847 dicitur
367 790 396 828 ¹²
438 791 713 852 Dominus
745 797 1024 856 vobiscum
1067 808 1117 857 et
1157 803 1296 863 Ore-

106 885 230 923 mus,

174 943 385 1004 Oratio.

170 1024 407 1083 Domine
460 1025 604 1084 Jesu
658 1027 933 1101 Christe,⁰
999 1032 1114 1092 Fili
1175 1034 1285 1096 Dei

102 1099 238 1171 vivis
278 1104 478 1161 mundi
526 1106 787 1165 conditor
834 1119 893 1167 et
944 1112 1287 1191 redemptor,

100 1178 183 1255 qui
218 1190 426 1240 nostrae
468 1181 819 1243 liberationis
866 1197 926 1246 et
965 1189 1286 1251 salvationis

99 1257 263 1333 gratia
289 1280 362 1318 ex
394 1280 617 1319 summa
636 1263 759 1321 coeli
779 1285 906 1325 arce
925 1267 1282 1341 descendere,

99 1354 303 1395 carnem
347 1358 592 1411 sumere,
636 1349 697 1399 et
738 1345 1053 1419 passionem
1094 1349 1281 1409 subire

96 1411 335 1492 dignatus
383 1436 477 1489 es;
541 1420 748 1497 quique
801 1434 999 1501 sponte
1053 1428 1283 1505 propria

97 1489 198 1549 loco
221 1494 471 1571 ejusdem
500 1498 769 1574 passionis
807 1505 1277 1582 appropinquans,

95 1588 125 1624 a
145 1573 312 1630 turbis
338 1593 466 1630 cum
496 1577 668 1633 ramis
707 1578 1021 1656 palmarum
1051 1584 1280 1643 obvian-

96 1646 226 1706 tibus
273 1652 545 1723 benedici,
575 1653 810 1727 laudari,
852 1668 911 1715 et
953 1680 1058 1718 rex
1106 1663 1273 1722 bene-

95 1725 260 1786 dictus
276 1728 306 1768 ‘¹
357 1732 592 1789 veniens
614 1733 641 1771 ἅ
667 1735 727 1790 in
751 1737 978 1795 nomine
1008 1740 1240 1798 Domini
1256 1749 1280 1774 ⁹

92 1802 227 1863 clara
253 1827 377 1866 voce
416 1810 689 1887 appellari
716 1812 976 1886 voluisti3
1026 1826 1088 1874 tu
1129 1839 1278 1878 nunc

93 1893 282 1943 nostrae
306 1886 663 1946 confessionis
684 1890 1063 1952 laudationem
1084 1917 1275 1977 accep-

92 1967 197 2020 tare
218 1984 237 2033 ;
263 1972 320 2022 et
340 1964 441 2022 hos
463 1965 778 2044 palmarum
800 1971 822 2008 f
836 1980 1275 2052 caeterarumque

91 2041 372 2099 arborumr
420 2064 485 2101 ac
538 2045 744 2104 florum
798 2068 986 2108 ramos
1052 2053 1276 2133 beneq<

91 2116 259 2178 dicere
297 2129 356 2180 et
393 2122 825 2202 sanctifflticare
864 2128 1152 2207 digneri83
1209 2145 1273 2191 ut

86 2197 377 2277 quicunque
415 2202 492 2258 'in
547 2211 660 2261 tuae
714 2205 939 2264 virtutis
1006 2210 1271 2286 obsequio

87 2275 276 2335 exinde
319 2277 533 2356 aliquid
577 2281 792 2352 tulerit,
841 2284 1052 2343 coelesti
1099 2290 1267 2348 bene-

83 2350 310 2414 dictione
346 2358 740 2432 sanctificatu3‚
781 2372 1137 2439 peccatorum
1178 2388 1265 2425 re-

85 2432 386 2492 missionem
441 2448 501 2494 et
552 2437 685 2495 vitae
750 2449 985 2500 eeternae
1028 2447 1267 2522 praemia

83 2511 350 2590 percipere
413 2526 715 2574 mereatur.
799 2518 913 2577 Per
977 2530 1058 2593 te,
1123 2522 1167 2580 J
1167 2545 1263 2582 esu

77 2585 286 2649 Christe
311 2591 555 2650 salvator
575 2605 635 2665 8;
691 2597 786 2672 qui
826 2617 953 2655 cum
998 2600 1169 2659 Patre
1205 2611 1265 2661 et

81 2664 280 2744 Spiritu
299 2671 507 2729 Sancto
524 2673 663 2731 vivis
690 2684 749 2732 et
766 2695 968 2754 regnas
985 2678 1141 2737 Deus
1158 2700 1262 2758 per

79 2747 252 2804 omnia
276 2749 478 2807 saecula
505 2750 852 2810 saeculorum.
882 2754 954 2812 R.
998 2756 1206 2816 Amen.

75 2851 101 2880 ⁸
130 2848 615 2907 adversitate—94.

78 2915 101 2951 b
131 2918 253 2973 dicit
273 2923 688 2978 sacerdos—94.
715 2923 799 2980 97.

77 2996 99 3024 ⁰
129 3005 230 3043 non
254 2991 456 3047 habent
480 2992 565 3047 94.
594 2996 678 3049 97.

77 3056 102 3095 ‘¹
133 3062 218 3130 qui
242 3063 567 3117 venit.—94.
597 3065 681 3121 97.
703 3066 787 3121 26.
817 3067 902 3123 57.

76 3136 98 3165 ⁸
129 3132 513 3188 veniens—94.
544 3135 629 3191 97.
655 3136 742 3190 26.

97 3239 129 3273 '⁶
146 3242 232 3300 Ad
264 3243 488 3303 lectoris
507 3248 866 3305 commodum
890 3248 1256 3329 Antiphonas

75 3326 127 3375 et
163 3319 535 3401 Responsoria
573 3328 934 3403 excerpsimus
962 3348 992 3386 e
1023 3330 1255 3389 Proces-

74 3396 250 3457 sionali
289 3402 600 3460 secundum
641 3423 802 3462 usum
845 3406 1051 3465 Sarum
1103 3429 1252 3467 anno

76 3473 179 3533 Dni
215 3479 369 3537 1544
398 3499 619 3539 excuso,

131 3564 302 3624 Prima
347 3575 533 3624 autem
580 3571 871 3627 azimorum
919 3584 1252 3631 accesserunt

70 3632 293 3709 discipuli
317 3640 386 3693 ad
404 3640 446 3693 J
446 3658 594 3694 esum
621 3642 884 3710 dicentes;
914 3644 1022 3699 Ubi
1041 3648 1121 3700 vis
1135 3666 1254 3718 par-

68 3717 197 3762 emus
205 3710 302 3763 tibi
311 3711 583 3765 comedere
597 3713 824 3783 pascha?
859 3715 989 3769 AtJ
989 3734 1107 3771 esus
1115 3718 1255 3773 dixit

68 3773 132 3828 eis
148 3796 159 3843 ;
180 3778 263 3834 Ite
276 3781 334 3833 in
350 3781 622 3836 civitatem
640 3783 708 3837 ad
724 3786 1004 3855 quendam,
1022 3794 1078 3842 et
1091 3788 1253 3843 dicite

66 3844 137 3911 ei;
180 3849 435 3922 Magister
470 3852 616 3922 dicit,
644 3859 856 3925 tempus
885 3875 1064 3911 meum
1090 3877 1184 3941 pro
1223 3878 1252 3913 e

63 3922 145 3985 est,
177 3922 316 3991 apud
352 3928 408 3975 te
442 3922 581 3977 facio
610 3926 806 3994 pascha
827 3944 952 3980 cum
977 3928 1182 4000 discipu
1206 3932 1251 3983 is

64 3989 193 4043 meis.
252 3991 324 4045 Et
353 3992 598 4047 fecerunt
620 3995 868 4067 discipuli
893 3998 1032 4053 sicut
1056 4017 1247 4070 praece-

61 4065 195 4125 perat
209 4060 284 4115 eis
305 4062 585 4132 Dominus,
613 4070 667 4118 et
691 4076 1014 4136 paraverunt
1032 4071 1242 4140 pascha.

123 4140 248 4196 Cum
272 4147 748 4217 appropinquasset
767 4150 1030 4205 Dominus
1056 4153 1244 4207 Hiero-

57 4210 299 4281 solymam
342 4217 493 4270 misit
539 4219 673 4272 duos
720 4238 785 4274 ex
823 4222 1098 4296 discipulis
1135 4224 1246 4280 suis

57 4279 250 4350 dioens3
303 4286 388 4341 Ite
413 4288 471 4340 in
497 4290 774 4344 castellum
800 4294 940 4361 quod
956 4300 1036 4347 est
1059 4301 1245 4350 contra

58 4364 150 4420 vos,
170 4363 221 4408 et
234 4357 519 4412 invenietis
533 4360 744 4429 pullum
759 4364 926 4418 asinae
940 4364 1238 4436 alligatum,

57 4435 199 4491 nuper
225 4444 382 4497 quem
418 4429 604 4482 nullus
640 4431 920 4487 hominum
951 4436 1102 4504 sedit,
1137 4436 1239 4489 sol-

54 4490 150 4544 vite
170 4501 222 4549 et
241 4498 491 4553 adducite
516 4500 681 4568 mihi;
720 4503 886 4574 siquis
905 4522 996 4560 vos
1013 4506 1235 4560 interro-

451 4571 536 4637 17

759 247 1119 300 DOMINICA
1169 253 1248 302 IN
1281 255 1509 306 RAMIs
1543 258 1970 313 PALMARUM.

2514 257 2643 323 258

1509 415 1626 474 His
1673 419 1863 495 itaque
1892 422 2157 496 peractis,
2206 425 2400 483 statim
2440 427 2636 487 distri-

1422 495 1669 553 buantur
1693 498 1912 573 palmae
1934 542 1952 568 ,
2009 508 2059 557 et
2086 501 2318 560 interim
2342 514 2636 566 cantentur

1419 572 1504 630 72ae
1541 584 1814 649 sequentes
1853 577 2214 653 Antiphonae,
2261 580 2501 643 Cantore
2538 587 2632 643 in·

1415 652 1653 728 cipiente
1673 652 2090 731 Antiphonam.

1487 729 1650 784 Pueri
1710 730 2078 802 Hebraeorum,
2143 734 2392 791 tollentes
2449 755 2626 794 ramos

1412 798 1689 868 olivarum,
1711 803 2060 857 obviaverunt
2079 804 2308 859 Domino
2330 807 2625 865 clamantes

1409 876 1465 922 et
1488 870 1737 939 dieenteS,
1768 873 2029 928 Hosanna
2053 875 2110 928 in
2137 877 2371 931 excelsis.

1486 942 1640 1000 Alia
1667 943 2025 1021 Antiphona.

1477 1018 1638 1074 Pueri
1666 1020 2018 1077 Hebraeorum
2048 1024 2365 1079 vestimenta
2390 1035 2614 1109 proster-

1405 1090 1609 1144 nebant
1660 1092 1715 1143 in
1759 1093 1860 1162 via,
1903 1100 1958 1147 et
1999 1094 2308 1151 clamabant
2361 1097 2611 1169 dicentes,

1405 1158 1664 1215 Hosanna
1715 1163 1848 1217 Filio
1898 1164 2094 1231 David;
2148 1166 2471 1223 Benedictus
2518 1174 2613 1240 qui

1398 1232 1548 1284 venit
1571 1233 1630 1285 in
1656 1235 1875 1288 nomine
1899 1234 2133 1289 Domini.

1476 1300 1507 1339 ¹²
1527 1304 1687 1361 Dum
1724 1306 2143 1365 distribuuntur
2178 1310 2348 1380 rami,
2380 1331 2606 1389 proepa-

1392 1388 1549 1438 retur
1564 1381 1842 1457 feretrum
1896 1406 2022 1442 cum
2063 1387 2337 1463 reliquiis,
2393 1389 2459 1446 in
2499 1412 2607 1467 quo

1397 1457 1615 1535 Corpus
1630 1460 1845 1519 Christi
1863 1463 1926 1519 in
1934 1464 2137 1540 pixide
2153 1466 2511 1540 dependeatet
2526 1470 2607 1527 ad

1396 1536 1573 1594 locum
1591 1540 1795 1615 primae
1816 1541 2074 1599 stationis
2096 1563 2132 1599 a
2154 1543 2363 1599 duobus
2384 1545 2600 1606 clericis

1392 1614 1460 1672 de
1524 1617 1766 1674 secunda
1824 1618 2024 1693 forma
2089 1641 2203 1677 non
2258 1623 2601 1697 procedatur

1391 1695 1679 1769 sequendO,
1700 1696 1795 1753 sed
1815 1697 1894 1753 ad
1914 1697 2093 1755 locum
2112 1699 2322 1774 primae
2341 1700 2599 1761 stationis

1391 1772 1613 1829 obviam
1638 1774 1922 1845 veniendo,
1959 1776 2157 1833 habitu
2195 1797 2307 1834 non
2342 1786 2556 1836 mutato
2574 1804 2599 1851 ,-

1392 1848 1577 1908 lumen
1608 1852 1891 1929 defhratur
1916 1854 1982 1911 in
2010 1854 2226 1911 laterna
2256 1856 2598 1931 praecedente

1390 1948 1518 1985 cum
1544 1950 1701 1988 cruce
1726 1932 2030 2003 denudata,
2060 1941 2111 1990 et
2136 1933 2346 1991 duobus
2376 1935 2597 1995 vexillis

1386 2008 1833 2081 praecedentibus.
1938 2008 2167 2069 Deinde
2212 2019 2302 2067 eat
2336 2015 2590 2087 procesio

1387 2103 1557 2160 usque
1573 2087 1652 2143 ad
1671 2087 1850 2145 locum
1862 2088 2071 2164 primae
2090 2089 2367 2147 stationis.
2435 2089 2590 2149 Sint-

1339 2209 1344 2213 .
1386 2182 1489 2237 que
1515 2165 1771 2222 ministri
1787 2168 2155 2242 processionis
2184 2167 2326 2225 albis
2352 2167 2589 2226 circam-

1385 2242 1586 2299 amicti
1599 2245 1797 2321 absque
1808 2244 2030 2317 tunicis,
2043 2246 2128 2303 vel
2143 2246 2348 2303 casulis
2365 2246 2560 2305 induti
2576 2273 2594 2307 .-

1383 2318 1468 2375 ita
1514 2327 1701 2380 tamen
1739 2323 1888 2399 quod
1924 2325 2175 2382 sacerdos
2213 2325 2289 2381 sit
2328 2325 2394 2382 in
2446 2346 2590 2403 capa

1379 2398 1560 2455 serica
1612 2401 1780 2457 rubea
1798 2423 1822 2472 ,·
1874 2402 2035 2460 choro
2089 2403 2279 2479 itaque
2321 2413 2586 2480 sequente,

1377 2475 1575 2533 habitu
1599 2499 1712 2535 non
1748 2487 1975 2537 mutato.
2074 2480 2155 2538 In
2193 2482 2372 2538 eundo
2411 2480 2589 2540 Anti·

1366 2554 1562 2630 phona
1594 2562 1778 2617 Prima
1791 2571 1987 2620 autem.
2011 2558 2049 2592 ’χ’
2069 2557 2405 2636 Antiphonti
2451 2564 2589 2618 Cum

1375 2633 1842 2704 appropinquaret.
1917 2636 1989 2695 Si
2041 2645 2227 2693 autem
2280 2658 2392 2694 non
2437 2639 2588 2712 suffi-

1378 2709 1536 2765 ciunt
1588 2711 1672 2767 hoe
1725 2712 1852 2769 duae
1904 2712 1964 2768 A
1971 2713 2260 2790 ntiphonae
2295 2715 2586 2791 proedictae

1378 2806 1549 2862 usque
1576 2788 1655 2844 ad
1682 2789 1861 2846 locum
1876 2791 2091 2866 primae
2119 2792 2379 2849 stationis
2403 2815 2420 2849 .·
2456 2800 2586 2850 tunc

1382 2888 1404 2925 ι’
1434 2907 1540 2943 non
1568 2889 1772 2944 habent
1794 2890 1879 2946 92.
1907 2892 1993 2946 98.

1376 2968 1404 3005 8
1440 2960 1811 3015 mundi.—-94.
1840 2961 1926 3017 97.
1953 2963 2039 3016 26.
2068 2962 2153 3017 57.

1376 3029 1406 3068 ¹¹
1443 3048 1554 3084 non
1578 3031 1782 3086 habent
1813 3033 1897 3087 92.
1937 3032 2021 3086 94.
2062 3032 2145 3087 97.
2186 3032 2271 3086 98.
2309 3050 2477 3103 usque
2512 3034 2582 3087 ad

1375 3101 1708 3173 sempiterne
1733 3103 1890 3158 Deus.
1917 3121 1960 3158 c.
1989 3103 2109 3158 262.
2136 3104 2237 3158 sub
2254 3103 2433 3157 finem.

1375 3283 1596 3352 gaverit‚
1618 3283 1793 3352 dicite,
1815 3282 1963 3354 Opus
1987 3282 2206 3336 Domini
2230 3286 2323 3337 est.
2363 3281 2580 3337 Solven-

1375 3359 1454 3406 tes
1471 3353 1814 3408 adduxerunt
1831 3355 1900 3408 ad
1915 3354 1955 3406 J
1957 3370 2101 3408 esum
2108 3395 2119 3421 ,
2139 3359 2194 3408 et
2206 3352 2578 3425 imposuerunt

1372 3420 1455 3476 illi
1479 3425 1813 3491 vestimenta,
1842 3431 1897 3479 et
1920 3424 2058 3478 sedit
2080 3441 2239 3495 super
2263 3441 2401 3478 eum.
2459 3424 2580 3477 Alii

1371 3497 1776 3563 prosternebant
1800 3496 2118 3550 vestimenta
2150 3512 2248 3549 sua
2270 3495 2328 3547 in
2355 3494 2455 3563 via,
2482 3494 2579 3578 alii

1369 3580 1546 3619 ramos
1570 3566 1636 3620 de
1654 3566 1931 3621 arboribus
1954 3568 2318 3621 externebant.
2381 3565 2453 3618 Et
2476 3582 2571 3634 qm

1368 3636 1730 3704 sequebantur
1742 3637 2049 3691 clamabant
2069 3656 2079 3702 ;
2110 3636 2381 3704 Hosanna,
2400 3635 2569 3718 Bene-

1366 3705 1542 3759 dictus
1589 3707 1682 3777 qui
1726 3707 1876 3762 venit
1921 3707 1983 3759 in
2030 3708 2248 3764 nomine
2308 3706 2527 3788 Dominl
2552 3726 2565 3772 ;

1366 3776 1705 3831 benedictum
1728 3795 1957 3849 regnum
1980 3778 2149 3849 patris
2172 3776 2340 3830 nostri
2365 3776 2569 3860 Dade

1365 3845 1628 3902 Hosanna
1652 3849 1709 3901 in
1736 3849 1982 3903 excelsis:
2022 3849 2268 3902 miserere
2292 3847 2461 3917 nobie,
2488 3847 2570 3901 fih

1364 3916 1551 3972 David.

1434 4000 1569 4053 Cum
1586 4002 1820 4056 audisset
1834 4001 2063 4073 populus
2085 4001 2213 4071 quia
2230 4000 2381 4055 venit
2403 3999 2445 4052 J
2445 4017 2565 4054 esus

1361 4069 1803 4143 Hierosolymam,
1826 4078 2143 4144 acceperunt
2165 4089 2340 4125 ramos
2357 4071 2559 4142 palma·

1358 4158 1496 4210 rum,
1523 4148 1579 4197 et
1603 4143 1849 4197 exierunt
1867 4144 1915 4197 ei
1934 4144 2161 4210 obviam,
2179 4148 2234 4196 et
2255 4142 2565 4197 clamabant

1357 4213 1510 4282 pueri
1557 4214 1825 4278 dieentes;
1885 4213 1992 4267 Hic
2039 4220 2119 4267 est
2166 4214 2261 4281 qui
2302 4218 2563 4267 venturus

1356 4289 1472 4336 erat
1519 4301 1614 4355 pro
1650 4284 1821 4337 salute
1863 4285 2071 4337 mundi.
2154 4283 2262 4337 Hic
2296 4289 2378 4337 est
2418 4283 2564 4356 salus

1355 4361 1550 4421 nostra,
1573 4354 1866 4425 redemptio
1884 4354 2050 4408 Israel
2069 4374 2080 4420 ;
2103 4358 2340 4423 quantus
2357 4360 2439 4407 est
2455 4353 2557 4406 iste

1353 4425 1439 4476 cui
1496 4425 1678 4478 throni
1721 4432 1775 4478 et
1816 4424 2207 4479 dominationes
2252 4433 2564 4477 occurrunt.

1352 4493 1476 4548 Noli
1495 4495 1696 4565 timere,
1714 4494 1827 4549 filia
1840 4494 1984 4564 Sion,
2007 4511 2123 4550 ecce
2138 4493 2252 4547 Rex
2269 4500 2396 4546 tuns
2410 4493 2560 4545 venit
