2975 5009
138 244 268 309 581
1003 258 1475 312 oouNAmuu
1528 262 1786 312 iussas..
2532 242 2660 310 582

134 416 368 474 delubra
407 434 535 473 cum
561 414 734 473 cereis
751 415 831 474 ad
864 415 1111 492 yradum
1135 416 1343 477 altaris
1443 418 1664 477 minica
1706 417 2006 477 Passionis
2059 415 2312 476 Domini
2348 423 2401 476 et
2443 416 2649 476 abhinc

134 495 434 552 dimittant
455 516 479 566 ;
506 494 709 552 deinde
735 494 960 553 accedat
983 496 1236 554 sacerdos
1262 497 1342 554 ad
1440 517 1612 573 usque
1632 497 1712 554 ad
1741 496 1974 555 Ooenam
1998 494 2263 568 Domini,
2284 495 2364 553 ad
2389 493 2644 553 Missam

134 573 336 645 altare,
364 579 415 630 et
430 573 586 631 dicat
613 573 681 629 in
705 573 890 631 medio
918 574 1139 645 altaris,
1162 575 1339 632 tacita
1439 576 1650 633 scilicet
1664 575 1733 633 de
1749 574 2047 651 temporali
2060 581 2281 632 tantum
2292 594 2316 644 ;
2342 581 2473 631 tunc
2484 572 2639 632 enim

135 669 279 722 voce,
321 650 706 728 inclinatoque
745 671 971 729 corpore
1024 660 1077 711 et
1116 652 1337 729 junctis
1438 654 1636 711 statim
1651 661 1780 731 post
1804 653 2105 711 Psalmum
2131 652 2235 728 qui
2259 651 2475 709 dicitur
2507 658 2634 728 post

135 729 418 801 manibus,
1443 730 1580 807 Offic
1596 731 1608 744 '
2553 728 2565 740 ’

209 808 477 865 Oremus.

1581 752 1706 789 imn
1765 730 2147 808 reincipiatur
2197 729 2473 806 Officium,
2510 743 2635 788 sino

204 884 400 943 Aufer
417 905 453 943 a
468 884 648 954 nobiS,
665 890 696 920 ⁸
709 902 1049 960 quoesumuS,
1067 885 1235 945 Domi
1241 907 1332 960 ne,

128 971 358 1021 cunctas
388 970 418 1000 ⁸
469 962 797 1040 iniquitates
849 970 1091 1036 nostrast,
1138 973 1205 1023 ut
1257 966 1333 1024 ad

126 1049 323 1099 sancta
376 1048 699 1099 sanctorum
753 1041 913 1119 puris
959 1041 987 1082 b
1008 1062 1332 1102 mereamur

125 1119 413 1177 mentibus
433 1118 462 1157 θ
508 1118 766 1177 introire.
868 1117 985 1180 Per
1030 1120 1328 1181 Christum

126 1197 442 1256 Dominum
469 1205 748 1256 nostrum.

209 1274 377 1333 Tunc
403 1275 584 1351 eriyat
607 1296 663 1333 se
700 1273 953 1334 sacerdos
979 1281 1031 1334 et
1055 1277 1329 1336 osculetur

121 1353 324 1425 altare,
353 1361 404 1411 et
441 1354 542 1411 hoc
579 1354 646 1411 in
671 1353 876 1426 medio,
902 1363 953 1413 et
976 1355 1155 1430 siqnet
1179 1377 1234 1414 se
1260 1357 1328 1415 in

104 1429 269 1507 facie
292 1451 419 1502 sua,
445 1431 534 1488 ita
559 1431 768 1503 dicens,

199 1509 278 1567 In
301 1509 531 1569 nomine
552 1509 743 1569 Patris
760 1517 820 1570 et
841 1509 979 1569 Filii
994 1519 1055 1570 et
1076 1511 1325 1590 Spiritus

117 1587 337 1649 Sancti.
415 1587 625 1646 Amen.
961 1607 964 1610 ’

198 1663 433 1724 Deinde
488 1673 670 1742 ponat
733 1665 1006 1725 diaconus
1067 1667 1192 1725 thus
1257 1669 1324 1727 in

114 1743 488 1814 thuribulum,
517 1751 568 1801 et
592 1744 749 1802 dicat
762 1745 937 1823 prius
962 1746 1254 1818 sacerdoti,

194 1820 554 1881 Benedicite.

191 1900 281 1958 Et
305 1900 556 1958 sacerdos
581 1898 756 1972 dicat,

190 1978 497 2037 Dominus.
580 1978 679 2037 Ab
713 1979 834 2058 ipso
862 1989 887 2021 ⁰
906 1979 1273 2039 benedicatur
1293 1990 1319 2020 ⁰

112 2062 144 2102 ¹1
177 2056 294 2115 hoc
345 2053 687 2129 incensum,<¹
755 2055 814 2115 in
879 2057 1037 2116 cu’us
1103 2056 1318 2118 honore

114 2134 487 2195 cremabitur.
572 2135 646 2193 In
681 2136 913 2195 nomine
991 2136 1131 2195 atris
1157 2136 1257 2195 ὥσ.

195 2213 363 2270 Tunc
392 2211 681 2286 diaconus,
716 2215 771 2272 ei
812 2215 1163 2274 thuribulum
1199 2223 1318 2274 tra-

107 2291 268 2363 dens,
298 2291 638 2349 deosculetur
675 2313 911 2351 manum
948 2293 1083 2369 ejus,
1110 2301 1161 2351 et
1199 2293 1319 2373 ipse

107 2369 368 2428 sacerdos
406 2369 685 2446 thmuflcet
713 2371 964 2429 medium
998 2371 1232 2430 Altaris
1267 2379 1318 2430 et

107 2456 413 2523 utrumque
463 2468 638 2507 cornu
687 2449 961 2520 Altaris,0
1002 2450 1199 2527 primo
1250 2450 1320 2508 in

107 2527 359 2598 dextera,
399 2527 635 2585 secundo
674 2528 742 2586 in
778 2528 1015 2586 sinistra
1047 2536 1228 2605 parte,
1265 2536 1317 2587 et

106 2604 349 2662 interim
374 2604 442 2662 in
465 2605 695 2664 medio.e

187 2681 419 2740 Deinde
434 2684 503 2740 ab
523 2683 645 2760 ipso
663 2683 901 2741 diacono
921 2682 1040 2758 ipse
1064 2682 1315 2740 sacerdos

107 2760 469 2837 thurificetur
489 2782 513 2832 ;
553 2769 603 2818 et
619 2768 816 2838 postea
850 2758 1088 2817 Teoetum
1113 2760 1314 2817 minis·

108 2838 255 2897 terio
281 2838 614 2897 subdiaconi
630 2838 884 2896 sacerdos
908 2837 1263 2895 deosculetur.

185 2915 312 2974 His
354 2915 546 2993 itaque
585 2916 750 2991 qestis
791 2915 859 2973 in
900 2915 1090 2973 deoetro
1142 2936 1316 2973 cornu

104 2993 350 3051 Altaris
401 3013 529 3050 cum
571 2993 810 3050 diacono
851 2999 902 3050 et
954 2993 1311 3066 subdiacono,

107 3072 378 3148 Officium
428 3069 613 3126 missos
652 3090 823 3146 usque
869 3070 948 3128 ad
991 3069 1316 3129 Orationem

92 3153 498 3228 prosequatur,
538 3147 626 3205 vel
672 3167 846 3223 usque
890 3148 971 3206 ad
1015 3146 1209 3207 Gloria
1254 3149 1314 3208 in

103 3227 373 3299 excelsisx,
402 3226 629 3303 quando
654 3226 887 3285 dicitur.

187 3305 279 3364 Et
307 3312 435 3382 post
472 3301 736 3380 Officium
776 3312 828 3363 et
866 3303 1186 3375 Psalmum,
1228 3325 1316 3363 re-

91 3390 337 3462 petatur
392 3381 656 3459 Officium
685 3404 709 3454 ;
762 3390 813 3441 et
855 3391 1050 3461 postea
1101 3382 1319 3442 dicitur

98 3461 310 3522 Gloria
367 3459 528 3519 Patri
579 3469 631 3519 et
694 3458 852 3520 Sicut
917 3470 1043 3520 erat
1070 3481 1087 3522 ε
1156 3462 1317 3520 tertio

98 3546 395 3617 repetatur
417 3537 694 3614 Officium.
778 3538 866 3597 Et
890 3539 989 3598 hoc
1143 3546 1319 3597 totum

95 3635 327 3677 annum
367 3617 688 3689 observetur,
730 3625 850 3675 tam
890 3618 957 3677 in
1056 3617 1320 3676 ominicis

93 3714 279 3774 quam
302 3694 369 3752 in
392 3692 558 3769 festis
582 3703 916 3767 sanctorum,
946 3703 996 3753 et
1022 3696 1090 3753 in
1112 3696 1320 3754 octavis

96 3782 153 3833 et
195 3770 359 3847 infra
403 3773 629 3849 quando
664 3774 859 3831 chorus
901 3774 1134 3849 reyitur,
1170 3781 1222 3831 et
1253 3774 1320 3831 in

96 3851 363 3910 omnibus
409 3849 596 3908 missis
635 3850 705 3908 de
744 3859 940 3910 sancta
972 3850 1180 3909 Maria

97 3938 290 3989 totum
311 3948 532 3987 annum
567 3929 876 3988 observetur
895 3950 919 4001 ,·
957 3929 1082 3987 nisi
1103 3930 1178 3988 in*
1196 3873 1320 3988 Bero-

94 4100 126 4129 ⁸
166 4088 415 4158 Domine,
492 4105 779 4157 uaesumus,
818 4088 1192 4145 omnes.——4L.
1228 4088 1313 4144 57.

98 4159 241 4214 1356.
271 4176 382 4213 non
407 4158 480 4213 ha
606 4176 917 4228 quaesumus
942 4159 1031 4213 98.

98 4233 129 4271 b
169 4230 446 4284 mentibus
459 4229 936 4284 mereamur.-—98.
960 4229 1056 4283 4L.
1077 4230 1161 4284 57.
1180 4228 1312 4284 Β56.

96 4313 124 4342 ⁰
161 4300 706 4355 sanctificetur—97.

99 4374 130 4411 (ἱ
168 4388 281 4427 non
307 4372 511 4426 habent
535 4370 620 4423 92.
649 4369 735 4426 97.
763 4369 848 4424 98.

541 4441 668 4508 37*

1437 794 1637 869 Gloria
1662 807 1824 868 Patri
1841 817 1972 887 post
1995 808 2376 886 repetitimaem
2405 806 2611 883 officii.

1542 888 1909 966 Principalis
1946 895 2123 946 rector
2167 885 2326 946 chori
2367 884 2630 961 Officium

1432 965 1618 1024 missae
1645 987 1684 1024 a
1711 974 1935 1025 cantore
1959 985 2203 1042 quoerere
2228 964 2396 1036 debet,
2422 962 2629 1021 deinde

1431 1043 1585 1102 illud
1604 1044 1749 1103 socio
1763 1065 1863 1103 suo
1877 1043 2166 1116 intimare,
2183 1050 2235 1102 et
2240 1049 2436 1120 postea
2451 1040 2626 1100 simul

1431 1121 1680 1200 incipere
1702 1143 1725 1194 ;
1765 1130 1816 1181 et
1840 1122 2109 1181 similiter
2146 1120 2352 1199 Kyrie,
2379 1119 2623 1196 Sequen-

1433 1200 1539 1272 tia,
1586 1199 1966 1277 Offertorium,
2002 1197 2261 1272 Sanctae,
2308 1200 2529 1277 AgnuS,
2571 1205 2627 1256 et

1432 1276 1767 1337 Communio
1805 1286 2152 1356 quaerantur,
2194 1277 2533 1337 intimentur
2567 1282 2620 1334 et

1427 1355 1806 1433 incipiantur.

1493 1434 1611 1492 His
1624 1434 1839 1511 finitis,
1860 1441 1911 1491 et
1933 1432 2126 1509 Officio
2146 1432 2330 1491 missoe
2346 1430 2631 1504 inchoato,

1424 1532 1555 1571 cum
1597 1520 1727 1590 post
1781 1511 2042 1588 Officium
2088 1509 2313 1600 Gloria·
2329 1510 2493 1600 Ratri
2534 1509 2627 1567 in·

1422 1599 1657 1727 &m
1679 1586 2630 1743 ssffissammomfflssmffl

1422 1747 1538 1805 duo
1568 1747 1796 1824 pao-iter
1832 1745 2159 1816 incedentes,
2197 1743 2400 1803 deinde
2442 1742 2629 1801 thuri-

1423 1824 1658 1898 bularii,
1692 1831 1822 1902 post
1862 1823 2253 1895 subdiaconus,
2291 1820 2492 1879 exinde
2532 1819 2627 1877 di-

1422 1923 1648 1973 aconus,
1685 1910 1815 1980 post
1856 1920 1983 1960 eum
2027 1901 2280 1959 sacerdos
2307 1921 2332 1971 ,·
2383 1898 2624 1957 diacono

1420 1988 1471 2040 et
1509 1981 1847 2039 subdiacono
1885 1979 2093 2037 casulis
2132 1978 2371 2050 indutis,
2408 1977 2624 2035 scilicet

1419 2060 1671 2136 quotidie
1699 2080 1809 2137 per
1843 2058 2175 2115 Adventum
2213 2064 2264 2116 et
2302 2075 2343 2113 a
2385 2053 2624 2133 Septua-

1415 2138 1630 2214 9esima
1695 2157 1865 2215 usque
1923 2136 2006 2193 ad
2064 2134 2302 2193 Coenam
2352 2132 2625 2205 Domini,

1419 2215 1647 2293 quando
1700 2216 1768 2273 de
1821 2213 2120 2292 temporali
2163 2212 2382 2272 dicitur
2424 2211 2622 2283 missa,

1416 2294 1539 2352 nisi
1563 2295 1631 2352 in
1655 2294 1876 2370 viyiliis
1900 2301 1952 2351 et
1981 2291 2239 2364 Quatuor
2263 2291 2618 2368 temporibus,

1418 2392 1624 2430 manus
1677 2380 1865 2431 tamen
1908 2371 1988 2428 ad
2038 2370 2270 2428 modum
2313 2367 2619 2427 sacerdotis

1417 2471 1532 2508 non
1552 2451 1910 2521 habentibus;
1938 2446 2146 2506 coeteris
2171 2469 2298 2506 vero
2317 2445 2617 2520 ministris,

1417 2529 1630 2586 scilicet
1693 2526 2065 2604 ceroferariis,
2118 2524 2518 2584 thuribularii-s
2569 2531 2622 2582 et

1417 2605 1650 2694 acolyto,
1677 2605 1745 2663 in
1770 2605 1914 2663 albis
1952 2623 2080 2661 cum
2118 2604 2418 2662 amictibus
2454 2601 2622 2661 ensis-

1418 2683 1672 2740 tentibus.
1779 2681 1861 2740 In
1912 2681 2050 2739 aliis
2100 2701 2228 2740 vero
2285 2681 2622 2759 temporibus

1417 2759 1582 2829 anni,
1634 2758 1861 2836 quando
1913 2759 1982 2815 de
2047 2759 2346 2835 temporali
2406 2758 2624 2816 dicitur

1416 2837 1612 2909 missa,
1665 2844 1715 2894 et
1767 2836 1834 2894 in
1869 2834 2036 2911 festis
2078 2844 2399 2894 sanctorum
2450 2837 2622 2894 totius

1416 2915 1579 2986 anni,
1607 2921 1843 2972 utantur
1877 2914 2150 2971 diaconus
2176 2921 2227 2971 et
2251 2913 2623 2973 subdiaconus

1415 2992 1743 3052 dalmaticis
1783 3000 1833 3051 et
1851 2991 2100 3062 tunicis,
2134 2991 2253 3049 nisi
2291 2990 2359 3048 in
2396 2991 2619 3065 viqiliis

1416 3079 1467 3130 et
1492 3070 1751 3141 Quatuor
1766 3069 2119 3148 temporibus,
2132 3076 2182 3127 et
2196 3068 2316 3127 nisi
2330 3068 2397 3127 in
2411 3068 2619 3142 viqilia

1421 3150 1652 3208 Pasclzae
1699 3157 1749 3209 et
1790 3150 2129 3207 Pentecostes
2174 3154 2226 3205 et
2270 3145 2618 3204 Natiuitatis

1416 3226 1688 3297 Domini,
1714 3227 1769 3284 si
1792 3227 1860 3285 in
1886 3224 2205 3284 Dominica
2230 3223 2540 3301 contiyem’t,
2568 3232 2621 3283 et

1417 3314 1632 3384 excepto
1635 3305 1860 3383 jejunio
1878 3304 2134 3375 Quatuor
2149 3312 2256 3362 tem
2474 3303 2624 3379 quod

1418 3385 1725 3443 celebratur
1748 3384 1816 3441 in
1853 3381 2196 3441 hebdomada
2294 3388 2575 3440 entecostes
2597 3403 2621 3453 ,-

1419 3471 1552 3521 tunc
1570 3463 1896 3521 dalmaticis
1915 3470 1966 3521 et
1986 3460 2194 3519 tunicis
2213 3459 2387 3518 indui
2410 3459 2619 3518 debent.

1419 3540 1501 3599 In
1526 3541 1621 3599 die
1660 3539 1997 3598 Parasceves
2024 3547 2074 3597 et
2112 3539 2180 3597 in
2210 3537 2621 3615 Royationibus

1421 3619 1502 3676 ad
1526 3620 1760 3678 missam
1773 3618 1994 3694 jejunii
2018 3625 2068 3676 et
2102 3615 2125 3654 f
2140 3615 2502 3694 processionis
2523 3617 2547 3659 1’
2568 3623 2619 3674 et

1420 3697 1488 3755 in
1526 3697 1715 3756 missis
1753 3695 2188 3755 dominicalibus
2214 3702 2264 3752 et
2301 3702 2621 3752 sanctorum

1421 3797 1545 3853 quoe
1591 3776 1658 3833 in
1709 3786 1737 3825 8
1764 3773 2012 3852 capitulo
2039 3781 2068 3820 8
2119 3773 2391 3830 dicmitur
2416 3792 2441 3843 ;
2487 3778 2620 3829 twnc

1419 3854 1574 3911 enim
1601 3853 1743 3911 albis
1764 3873 1891 3910 cum
1918 3850 2213 3908 amictibus
2237 3857 2476 3908 utantur
2485 3870 2507 3920 ‚·
2534 3848 2621 3906 ita

1419 3939 1610 3989 tamen
1654 3931 1803 4008 quod
1847 3929 1915 3988 in
1953 3936 2193 4004 tempore
2237 3926 2513 3986 Paschali
2553 3926 2623 3984 de

1418 4100 1443 4130 θ
1482 4108 1591 4144 non
1616 4089 1822 4145 habent
1853 4087 1940 4141 92.
1966 4086 2052 4140 98.

1416 4161 1437 4199 ἵ
1478 4154 2182 4285 ηᾶ-Βιέοοθεείοιιοω.-41ι.
2280 4153 2621 4226 processioni-

1418 4232 1802 4373 iugipis.-'-92.
1830 4298 1915 4354 98.
