2975 5009
184 255 315 324 557

188 447 321 505 quae
360 447 469 507 ego
493 427 639 488 facio
677 430 740 488 in
776 430 1008 490 nomine
1050 430 1239 490 Patris
1265 431 1396 503 mei,

190 506 317 565 haec
358 507 751 567 testimonium
796 510 1104 587 perhibent
1147 510 1220 567 de
1262 529 1395 569 me:

190 586 293 644 sed
337 605 434 643 vos
481 605 597 644 non
641 587 887 659 creditis,
931 588 1065 665 quia
1108 607 1223 645 non
1263 586 1398 646 estis

193 683 271 723 ex
321 664 518 722 ovibus
566 665 727 724 meis.
822 665 973 724 Oves
1014 685 1157 724 meae
1205 684 1397 725 vocem

192 761 379 800 meam
419 743 694 801 audiunt:
751 750 811 803 et
851 763 954 823 ego
990 763 1258 835 cognosco
1285 763 1396 815 eaS,

192 828 253 878 et
279 828 593 897 sequuntur
623 842 713 881 me
737 843 752 881 ε
795 829 854 881 et
895 842 999 901 ego
1025 831 1202 880 vitam
1229 829 1398 879 aeter-

194 918 328 955 nam
382 899 456 956 do
510 900 632 958 eis:
704 909 764 959 et
830 920 946 958 non
1015 900 1284 978 peribunt
1337 899 1397 956 in

195 987 501 1049 aeternum,
530 986 590 1037 et
618 998 731 1037 non
758 980 943 1058 rapiet
970 997 1062 1037 eas
1102 979 1397 1057 quisquam

196 1055 270 1114 de
327 1075 499 1113 manu
553 1076 695 1116 mea.
809 1058 981 1117 Pater
1035 1076 1194 1115 meus
1247 1055 1399 1136 quod

882 273 960 323 m
991 272 1594 323 constA'moNE
1628 269 2017 321 Ecchssslffl.

2585 262 2712 327 558

1511 429 1674 489 dedit
1720 427 1863 486 mihi
1912 428 2096 507 majus
2145 429 2405 490 omnibus
2452 442 2541 491 est
2582 455 2599 493 ι
2655 443 2716 493 et

1512 527 1680 567 nemo
1721 515 1913 644 {otest
1951 527 2152 585 rapere
2192 510 2265 568 de
2301 528 2473 567 manu
2521 510 2712 571 Patris

1511 586 1643 646 mei.
1818 604 1850 642 o
1876 593 1935 643 et
1960 585 2135 644 Pater
2160 607 2338 645 unum
2366 608 2576 647 sumus.

1591 662 1737 721 Non
1804 663 1978 720 icitur
2011 663 2199 724 Credo
2235 665 2355 722 nisi
2390 662 2711 724 Dominica

1495 740 1698 818 faerit.
1773 740 1846 801 Si
1871 740 1969 798 hoc
1979 740 2193 818 festum
2219 762 2257 799 a
2281 742 2480 819 Capite
2493 745 2730 831 J‘ejwni‘g

1512 839 1683 895 usque
1725 818 1804 875 ad
1852 817 2089 876 Coenam
2126 819 2374 878 Domini
2399 822 2709 898 contiyerit,

1511 896 1791 974 nihilfiat
1810 895 1878 953 de
1887 895 2034 972 festo
2053 897 2172 954 nisi
2192 906 2411 956 tantum
2430 898 2498 956 in
2506 900 2708 976 prima

1511 975 1621 1046 die,
1645 982 1850 1051 praeter
1869 975 2198 1033 memoriam
2224 975 2384 1053 infra
2407 975 2644 1035 Octavas
2661 985 2712 1036 et

1513 1053 1578 1110 in
1610 1052 1854 1111 Octavis.

888 1395 983 1467 In
1060 1389 1626 1470 consecratione
1695 1388 2036 1461 Ecclesiae.

273 1660 378 1719 Ad
402 1660 648 1720 Missam
667 1683 689 1720 .-
730 1661 1042 1740 Officium.⁸

273 1739 570 1799 Terribilis
598 1749 685 1800 est
722 1740 876 1800 locus
911 1742 1038 1812 iste,
1066 1739 1159 1798 hic
1197 1739 1399 1799 domus

196 1817 329 1956 Εἰ
355 1827 443 1877 est
489 1829 549 1878 et
599 1827 770 1897 porta
811 1819 955 1891 coeli,
1003 1827 1063 1878 et
1111 1819 1399 1878 vocabitur

352 1897 484 1955 Dei.

274 1974 357 2032 In
383 1982 622 2052 tempore
649 1974 941 2049 Paschali,
970 1973 1254 2051 Alleluya.

280 2052 597 2111 Psalmus.¹'

268 2129 536 2183 Dominus
577 2130 841 2201 regnavit,
892 2129 1135 2184 decorem
1176 2128 1404 2183 indutus

197 2205 280 2254 est
307 2219 320 2252 ε
346 2199 573 2254 indutus
608 2207 689 2255 est
725 2200 990 2255 Dominus
1025 2199 1402 2255 fortitudinem

196 2277 256 2325 et
279 2270 567 2342 praecinxit
590 2288 662 2327 se.

271 2341 461 2395 Gloria
486 2341 654 2396 Patri.

285 2411 508 2470 Oratio,

280 2489 459 2562 Deus,
487 2491 584 2568 qui
623 2490 1025 2549 sacrandorum
1059 2488 1169 2548 tibi
1210 2496 1406 2548 auctor

201 2588 262 2629 es
315 2588 616 2626 munerum
653 2590 671 2642 ;
740 2568 973 2628 effunde
1027 2588 1197 2647 super
1261 2567 1407 2626 hanc

198 2645 470 2705 orationis
488 2648 720 2705 domum
743 2647 1193 2706 benedictionem
1221 2654 1397 2718 tuam,

200 2733 266 2782 ut
312 2725 386 2782 ab
438 2726 699 2784 omnibus
753 2725 1139 2783 invocantibus
1193 2744 1399 2784 nomen

199 2810 385 2875 tuum,
412 2802 757 2863 defensionis
783 2811 899 2862 tuae
925 2802 1200 2861 auxilium
1227 2804 1399 2862 senti-

202 2889 351 2939 atur.
434 2880 566 2941 Per.

279 2958 564 3035 Epistola.
666 2965 688 2992 ⁰
707 2958 833 3037 Ego
885 2959 928 3017 J
932 2957 1181 3017 ohannes
1208 2967 1233 2996 ⁰
1286 2958 1401 3016 vidi

200 3036 513 3172 civbtaffl,
524 3045 589 3095 ut
602 3057 779 3115 supra
794 3036 861 3095 in
875 3036 969 3095 die
984 3035 1402 3095 Dedicationis.

340 3135 372 3171 r
491 3115 555 3173 le.

266 3190 444 3246 Locus
457 3192 558 3246 iste
572 3209 605 3246 a
620 3191 730 3245 Deo
744 3190 918 3246 factus
932 3196 1012 3245 est
1026 3190 1407 3246 inaestimabile

196 3267 596 3316 sacramentum
624 3282 636 3315 ι
662 3262 1143 3333 irreprehensibilis
1166 3268 1262 3316 est.

209 3332 269 3386 V.
346 3332 491 3385 Deus
514 3333 602 3386 cui
637 3333 817 3386 adstat
840 3332 1155 3402 angelorum
1179 3333 1371 3387 chorus
1393 3351 1405 3386 ι

199 3401 399 3458 exaudi
422 3419 601 3473 preces
623 3419 898 3457 servorum
922 3408 1155 3455 tuorum.

273 3472 550 3543 Alleluya.
608 3472 669 3528 V.
741 3471 995 3527 Adorabo
1032 3472 1103 3527 ad
1143 3471 1408 3544 templum

198 3547 452 3598 sanctum
467 3548 648 3596 tuum:
668 3547 724 3597 et
736 3543 1028 3596 confitebor
1041 3543 1251 3596 nomini
1265 3541 1408 3597 tuo.‘¹

282 3613 589 3690 Sequentia
644 3614 831 3682 Quam
871 3612 1094 3687 dilecta,
1130 3623 1195 3671 ut
1231 3635 1408 3692 supra

202 3691 271 3751 in
302 3691 530 3750 Octavis
557 3691 968 3749 Dedicationis.

281 3769 682 3845 Evangelium,
726 3769 1002 3848 Egressus
1054 3769 1097 3828 J
1099 3789 1223 3828 esus
1277 3783 1407 3847 per·

202 3846 550 3920 ambulabat,
578 3855 643 3904 ut
680 3867 858 3925 supra
896 3847 964 3906 in
988 3846 1083 3906 die
1109 3847 1407 3921 Dedicati-

205 3945 349 3984 mm.

199 4161 231 4264 ἰ
263 4154 401 4276 gen.
428 4169 542 4235 cap.
569 4152 755 4236 ¹¹.Y.ffi·
785 4153 894 4224 (17,
924 4153 1035 4225 18.)

198 4304 226 4334 0
262 4224 841 4348 ῃέᾑῖἓιςέέἓιὸὲῗρἒ.

197 4365 229 4404 ‘¹
265 4365 359 4419 Ps.
385 4364 618 4419 cxxxvii.
647 4361 921 4436 (cxxxviii.
948 4362 1026 4433 2.)

1600 1654 2007 1733 Offertorimn.⁰

1585 1734 1817 1788 Domine
1857 1734 1999 1787 Deus
2051 1730 2112 1785 in
2153 1730 2497 1803 simplicitate
2544 1735 2717 1791 cordis

1515 1804 1623 1858 mei
1660 1804 1818 1859 laetus
1841 1773 2015 1858 obtuli
2051 1801 2300 1857 universa
2327 1823 2339 1856 ς
2365 1810 2420 1857 et
2454 1805 2713 1877 populum

1513 1881 1673 1928 tuum
1697 1874 1792 1945 qui
1826 1879 2067 1945 repertus
2089 1879 2173 1927 est
2206 1873 2317 1927 vidi
2342 1890 2466 1927 cum
2501 1876 2717 1947 ingenti

1514 1946 1713 2015 gaudio
1740 1965 1751 1998 ι
1777 1944 1922 1998 Deus
1937 1942 2120 2013 Israel,
2142 1943 2348 1999 custodi
2368 1945 2511 2002 hanc
2527 1948 2716 2001 volun-

1517 2021 1698 2069 tatem.

1593 2087 1677 2145 In
1700 2094 1939 2163 tempore
1974 2080 2268 2157 Paschali,
2297 2084 2571 2157 Alleluya.

1594 2163 1834 2223 Secreta.

1596 2244 1770 2313 DeuS,
1788 2241 1883 2319 qui
1911 2240 1971 2298 in
1993 2240 2149 2298 omni
2175 2238 2295 2298 loco
2314 2238 2718 2301 dominationis

1518 2327 1635 2378 tuae
1653 2328 1804 2379 totus
1820 2318 2032 2376 assistis
2049 2326 2107 2378 et
2130 2327 2283 2376 totus
2303 2319 2553 2395 operaris
2573 2340 2591 2391 ;
2627 2339 2717 2377 ac-

1519 2406 1685 2477 cepta
1709 2397 2045 2456 sacrificium
2068 2396 2285 2453 nomini
2314 2405 2413 2453 tuo
2440 2398 2718 2476 benignus

1520 2478 1771 2534 oblatum
1794 2497 1811 2547 3
1870 2484 1928 2533 et
1982 2473 2150 2551 hujus
2201 2474 2402 2531 domus
2453 2475 2612 2552 cujus
2658 2496 2719 2534 es

1517 2552 1803 2625 fundator,
1830 2563 1950 2611 esto
1977 2558 2264 2630 protector
2272 2573 2289 2624 3
2332 2560 2398 2609 ut
2424 2552 2486 2608 in
2508 2553 2718 2612 virtute

1523 2631 1770 2709 Spiritus
1839 2630 2037 2690 Sancti
2097 2629 2201 2686 fiat
2264 2630 2285 2667 ¹
2306 2628 2401 2686 hic
2425 2629 2441 2661 ‘
2495 2650 2720 2711 semper

1516 2709 1905 2779 servientium,
1927 2708 2096 2765 etiam
2117 2706 2220 2764 tibi
2240 2705 2450 2765 devota
2466 2707 2714 2768 libertas·

1515 2789 1647 2847 Per.
1730 2786 1805 2843 In
1833 2786 2053 2844 unitate
2080 2784 2354 2862 ejusdem.

1597 2862 1980 2922 Gommunio.s

1588 2941 1791 2995 Domus
1810 2956 1931 2994 mea
1948 2938 2137 2993 domus
2156 2936 2414 2993 orationis
2427 2938 2717 3010 vocabitur,

1517 3011 1654 3066 dicit
1688 3011 1952 3064 Dominus
1987 3029 1998 3062 :
2033 3010 2094 3061 in
2133 3026 2196 3063 ea
2233 3008 2409 3063 omnis
2446 3010 2540 3079 qui
2582 3013 2722 3081 petit

1517 3082 1713 3152 accipit
1739 3100 1751 3133 ε
1779 3086 1833 3136 et
1846 3080 1942 3150 qui
1955 3079 2153 3150 quaerit
2165 3079 2390 3149 invenit,
2407 3085 2463 3134 et
2478 3080 2722 3152 pulsanti

1518 3170 1553 3206 a
1619 3154 1804 3206 rietur.

1551 3169 1679 3282 peIn
1704 3231 1941 3300 tempore
1968 3217 2262 3293 Paschali,
2289 3219 2561 3292 Alleluya‚
2587 3221 2717 3276 allo-

1519 3300 1580 3354 lu
1653 3341 1664 3353 .

1578 3318 2072 3429 ypostcommunio.

1599 3447 1998 3520 Sacramentis,
2039 3446 2305 3518 Domine,
2335 3443 2532 3503 refecti
2570 3444 2716 3504 salu-

1520 3527 1754 3599 taribus,
1781 3526 1991 3605 gratias
2017 3524 2124 3582 tibi
2164 3522 2496 3594 referimus3
2538 3523 2716 3603 reple,

1521 3624 1859 3683 quaesumus,
1907 3601 2013 3660 hoc
2052 3601 2330 3680 templum
2375 3609 2492 3658 tuae
2536 3601 2718 3678 gloria

1520 3683 1878 3761 majestatis;
1932 3688 1999 3738 ut
2044 3680 2104 3737 in
2151 3679 2425 3736 honorem
2473 3678 2715 3738 nominis

1519 3762 1626 3833 tui,
1654 3761 1760 3819 fiat
1800 3758 2007 3838 populo
2047 3766 2147 3816 tuo
2186 3757 2388 3815 domus
2428 3755 2715 3817 orationis·

1520 3837 1652 3898 Per.

1523 4156 1548 4186 θ
1586 4147 1617 4202 1
1645 4144 1822 4201 Paral.
1849 4160 1962 4214 cap.
1990 4144 2138 4199 xxix.
2167 4144 2275 4217 (17,
2305 4144 2413 4217 18.)

1522 4217 1544 4256 ¹
1583 4233 1696 4272 non
1718 4215 1923 4269 habent
1958 4213 2042 4267 13.
2071 4216 2155 4268 15.
2183 4215 2269 4268 26.

1523 4297 1553 4337 ε
1588 4287 1722 4342 Mat.
1749 4301 1864 4356 cap.
1890 4281 2002 4337 xxi.
2029 4283 2138 4354 (13.
2178 4285 2269 4340 vii.
2295 4284 2372 4356 8.)
