2975 5009
322 272 453 335 203
758 247 1004 333 rathis?
1021 249 1133 329 vi*
1172 243 1367 318 {5⁸1
1404 262 1591 330 ros-r
1624 281 1858 330 ocum.

320 442 481 503 dedit
506 442 660 501 vobis
685 461 893 521 panem
931 439 1005 498 de
1044 436 1204 509 coelo,
1226 436 1325 495 sed
1353 437 1531 497 Pater

320 540 482 581 meus
500 522 602 580 dat
631 520 785 579 vobis
811 538 1020 597 panem
1047 517 1120 576 de
1145 514 1286 575 coelo
1311 535 1529 574 verum.

320 600 493 659 Panis
519 599 674 659 enim
715 598 826 656 Dei
868 606 975 667 est,
1002 596 1101 674 qui
1125 593 1417 654 descendit
1456 592 1531 652 de

320 678 478 752 coelo,
507 685 571 738 et
595 677 696 744 dat
719 676 896 735 vitam
922 673 1156 732 mundo·
1240 671 1534 730 Dixerunt

322 778 461 837 ergo
511 757 585 815 ad
637 776 808 827 eum;
864 752 1126 823 Domine,
1182 769 1408 828 semper
1459 749 1536 808 da

321 837 482 896 nobis
520 835 672 893 hunc
708 852 933 912 panem.
1012 830 1182 889 Dixit
1219 835 1411 887 autem
1450 827 1534 887 eis

321 915 528 988 Jesus;
556 913 683 993 Ego
706 933 832 972 sum
981 908 994 921 ⁰
1053 908 1223 966 vitae:
1251 906 1349 983 qui
1375 906 1535 965 venit

321 996 394 1053 ad
432 1013 547 1065 me,
584 1011 697 1050 non
737 997 986 1050 esuriet:
1027 994 1088 1045 et
1125 985 1222 1063 qui
1262 984 1445 1044 credit
1471 984 1534 1041 in

324 1093 437 1140 me,
465 1092 582 1129 non
606 1070 766 1129 sitiet
791 1086 1059 1145 unquam.

409 1148 818 1227 Offinom‘um!

395 1228 454 1284 si
489 1225 834 1281 ambulavero
867 1222 928 1275 in
963 1219 1141 1275 medio
1166 1214 1539 1273 tribulationis

326 1296 617 1355 vivificabis
654 1312 756 1365 me,
795 1292 1024 1347 Domine
1063 1310 1075 1344 ε
1105 1294 1162 1344 et
1197 1305 1358 1361 super
1397 1288 1540 1341 iram

326 1369 667 1424 inimicorum
714 1381 956 1419 meorum
1002 1359 1256 1415 extendes
1310 1375 1537 1413 manum

326 1448 495 1509 tuam,
521 1445 577 1494 et
593 1437 803 1491 salvum
827 1452 915 1488 me
924 1425 1063 1487 ‘fecit
1086 1431 1306 1485 dextera
1327 1435 1438 1483 tua.

339 1512 398 1567 V.
484 1510 556 1563 In
604 1522 923 1579 quacunque
970 1502 1057 1557 die
1103 1501 1416 1556 invocavero
1462 1503 1533 1563 ts,

327 1581 523 1638 exaudi
568 1596 671 1648 me,
721 1576 951 1631 Domine
989 1593 1001 1627 :
1045 1570 1431 1645 multiplicabis
1476 1569 1538 1622 in

328 1654 514 1710 anima
537 1668 657 1705 mea
679 1648 937 1704 virtutem
961 1650 1128 1699 tuam.

410 1724 652 1786 Secreta.

408 1804 523 1862 Fac
575 1819 696 1872 nos,
751 1795 1016 1866 Domine,
1070 1768 1424 1871 quaesumu3,
1464 1790 1539 1848 ad

329 1890 523 1942 sancta
573 1876 844 1967 mysteria
889 1871 1202 1967 purificatis
1256 1866 1540 1928 mentibus

329 1961 632 2020 accedere:
696 1963 761 2014 ut
800 1955 910 2013 tibi
947 1970 1065 2011 sem
1109 1968 1172 2007 er
1216 1955 1541 2024 competens

328 2038 644 2100 deferamus
660 2036 758 2094 obs
830 2032 1004 2089 uium.
1125 2046 1189 2084 er
1208 2026 1538 2083 Dominum.

413 2113 713 2192 Proefatio.
855 2109 914 2167 ui
940 2104 1220 2185 corporali
1235 2101 1471 2182 jejunio.

415 2190 799 2253 communiat>

401 2272 486 2325 Tu
526 2266 797 2322 mandasti
837 2261 1097 2317 mandata
1141 2264 1239 2313 tua
1285 2256 1543 2312 custodiri

331 2342 497 2397 nimis
534 2360 546 2394 ε
584 2338 797 2392 utinam
831 2334 1137 2404 dirigantur
1169 2330 1274 2384 viae
1308 2344 1444 2383 meae
1471 2327 1541 2382 ad

333 2410 706 2470 custodiendas
720 2402 1132 2478 justificationes
1153 2406 1290 2455 tuas.

413 2478 884 2545 Postcommunio.

415 2558 765 2623 Sacramenti
789 2555 893 2628 tui,
929 2551 1195 2622 Domine,
1221 2548 1545 2608 veneranda

334 2639 642 2721 perceptio,
683 2644 743 2695 et
780 2632 1017 2710 mystico
1056 2650 1158 2689 nos
1196 2627 1437 2686 mundet
1461 2625 1544 2686 ef-

334 2721 488 2779 fectu
552 2726 612 2776 et
662 2720 939 2794 perpetua
988 2709 1201 2769 virtute
1253 2705 1540 2765 defendat.

338 2799 457 2858 'Per
483 2793 816 2855 Dominum.

414 2875 601 2953 Super
616 2871 913 2951 populum.

413 2952 731 3014 Humiliate
757 2948 943 3029 capita
968 2952 1156 3005 vestra
1178 2942 1321 3001 Deo.

420 3031 640 3093 oratic.

417 3110 745 3189 Subjectum
766 3105 871 3166 tibi
888 3101 1181 3196 populum,
1203 3115 1544 3177 quaesumuS,

334 3191 598 3260 Domine,
615 3185 941 3267 propitiatio
959 3178 1196 3240 coelestis
1215 3175 1542 3254 amplificet,

335 3279 396 3331 et
422 3269 532 3328 tuis
572 3285 795 3344 semper
833 3261 1003 3320 faciat
1041 3269 1067 3299 θ
1093 3256 1303 3318 servire
1321 3264 1346 3292 ⁰
1385 3273 1545 3311 man-

336 3348 500 3408 datis.
584 3344 698 3404 Per
726 3340 1054 3402 Dominum.

440 3476 656 3552 Fer-ia
686 3483 875 3547 sexta
897 3478 1060 3565 post
1093 3464 1327 3539 Oculi.

416 3575 519 3636 Ad
544 3574 806 3632 Missam.
890 3565 1202 3643 Officium.‹¹

419 3656 533 3713 Fac
584 3670 826 3720 mecum,
881 3644 1144 3713 Domine,
1204 3640 1428 3718 signum
1483 3637 1544 3695 in

341 3737 553 3794 bonum
576 3754 590 3791 ε
617 3737 684 3789 ut
708 3727 940 3786 videant
976 3721 1073 3801 qui
1100 3740 1192 3778 me
1220 3719 1459 3777 oderunt
1484 3724 1546 3774 et

342 3810 791 3872 confundantur:
844 3802 1110 3883 quoniam
1149 3806 1231 3869 tu,
1273 3795 1545 3865 Domine,

343 3889 611 3971 adjuvisti
637 3906 730 3944 me
753 3906 767 3943 τ
796 3891 858 3943 et
882 3877 1195 3940 consolatus
1222 3895 1280 3934 es
1309 3893 1416 3931 me.

422 3968 736 4029 Psalmus.⁶

413 4043 641 4112 Inclina,
663 4038 906 4103 Domine,
927 4051 1110 4090 aurem
1129 4038 1280 4086 tuam
1305 4035 1361 4085 et
1384 4044 1544 4083 exau-

344 4118 402 4173 di
425 4133 513 4170 me
535 4113 791 4185 quoniam
812 4110 970 4180 inops
993 4111 1048 4161 et
1061 4120 1263 4177 pauper
1285 4118 1406 4156 sum
1431 4115 1543 4169 ege.

342 4234 371 4263 ὃ
405 4223 492 4277 Ps.
511 4218 742 4277 cxxxvii.
771 4214 1044 4290 (cxxxviii.
1074 4215 1122 4283 7,
1152 4213 1225 4283 3.)

336 4297 365 4335 b
403 4295 488 4349 Ps.
514 4291 688 4348 cxviii.
719 4290 879 4362 (cxix.
905 4286 954 4357 4,
977 4286 1051 4357 5.)

340 4378 364 4406 ⁰
401 4361 836 4420 inhaerere—94.
865 4358 948 4414 97.

341 4437 371 4475 <¹
408 4437 480 4489 Ps
503 4436 683 4488 lxxxv.
713 4431 933 4504 (lxxxvi.
965 4427 1072 4495 17.)

2167 278 2384 327 rmum
2412 278 2511 326 v1.
2737 258 2864 326 204

1728 435 1950 494 Oratio.

1723 513 1953 593 Jejunia
1979 520 2190 584 nostra,
2224 529 2566 589 quaesumuS,
2594 508 2861 578 Domine,

1644 592 1775 652 beni
1856 613 1891 652 o
1942 593 2132 650 favore
2173 608 2548 670 prosequere3
2602 596 2669 648 ut
2724 588 2863 646 sicut

1644 674 1715 730 ab
1767 614 2055 730 ffimentis
2102 669 2452 728 abstinemus
2498 668 2560 724 in
2607 685 2862 746 corpore,

1646 751 1729 809 ita
1751 770 1787 808 a
1813 749 1965 808 vitiis
1982 749 2309 826 jejunemus
2339 745 2400 805 in
2427 753 2640 806 mente.
2759 745 2863 805 Per

1647 828 1959 889 Dominum
1987 835 2263 884 nostrum.

1730 904 1926 966 Lectio
1958 905 2096 963 libri
2120 901 2394 961 Numeri.

1729 986 1805 1044 In
1856 986 2055 1045 diebus
2108 982 2238 1055 illis,
2291 980 2702 1042 Convenerunt
2766 976 2864 1036 filii

1651 1063 1833 1125 Israel
1883 1065 2182 1123 adversum
2229 1060 2476 1137 Moysen
2525 1065 2585 1117 et
2626 1056 2862 1115 Aaron:

1648 1152 1709 1203 et
1734 1143 1882 1202 versi
1906 1144 1969 1200 in
1991 1140 2350 1209 seditionem,
2378 1137 2683 1207 dixerunt3
2719 1137 2864 1197 Date

1648 1222 1813 1281 nobis
1832 1240 2032 1300 aquam
2053 1225 2120 1276 ut
2133 1218 2410 1276 bibamus
2471 1212 2575 1273 ‘In
2648 1214 2866 1292 esfique

1650 1300 1883 1377 Moyses
1909 1307 1969 1358 et
1993 1299 2211 1368 Aaron,
2237 1294 2470 1353 dimissa
2494 1314 2594 1351 mu
2617 1290 2866 1351 titudine

1649 1388 1786 1438 ante
1811 1374 2237 1437 tabernaculum
2257 1372 2504 1444 foederiS,
2522 1377 2868 1430 corruerunt

1650 1458 1817 1537 proni
1834 1458 1896 1515 in
1910 1463 2127 1515 terram
2148 1452 2643 1527 clamaveruntque
2658 1449 2749 1507 ad
2765 1451 2868 1507 Do-

1651 1535 1870 1593 minum
1897 1542 2066 1608 atque
2083 1532 2359 1591 dixerunt
2379 1551 2395 1602 ;
2422 1527 2667 1587 Domine
2685 1527 2868 1598 Deae,

1651 1614 1861 1674 exaudi
1887 1612 2192 1672 clamorem
2218 1608 2411 1688 populi
2438 1605 2606 1682 hujus
2624 1614 2690 1665 et
2713 1605 2869 1685 aperi

1651 1692 1733 1751 eis
1786 1691 2116 1751 thesaurum
2170 1696 2353 1758 tuum,
2422 1685 2640 1744 fontem
2710 1705 2869 1763 aquae

1650 1770 1812 1843 vivae,
1868 1779 1935 1829 ut
1992 1766 2199 1840 satiati,
2255 1772 2435 1824 cesset
2488 1763 2873 1822 murmuratio

1651 1869 1868 1908 eorum.
1963 1847 2045 1908 Et
2082 1844 2349 1925 apparuit
2397 1840 2580 1924 gloria
2633 1841 2873 1899 Domini

1652 1947 1822 2006 super
1867 1946 1977 1986 eos.
2058 1924 2411 1999 Locutusque
2458 1929 2545 1979 est
2584 1918 2876 1978 Dominus

1652 2007 1726 2065 ad
1761 2006 2025 2082 Moysen,
2062 2003 2260 2087 dicens
2275 2022 2291 2074 ;
2338 1998 2499 2057 Tolle
2537 1997 2796 2077 virgam,
2822 2006 2876 2057 et

1652 2104 1935 2164 congrega
2001 2080 2250 2162 opulum‚
2276 2087 2342 2138 tu
2372 2085 2431 2137 et
2459 2078 2661 2135 Aaron
2695 2075 2875 2136 frater

1652 2172 1804 2236 tuus,
1855 2171 1916 2221 et
1977 2159 2251 2239 oquimini
2289 2156 2362 2215 ad
2408 2165 2632 2234 petram
2682 2174 2876 2213 coram

1654 2243 1755 2314 eiS,
1802 2248 1863 2301 et
1900 2239 1999 2299 illa
2040 2237 2201 2297 dabit
2239 2254 2427 2315 aquas.
2494 2232 2771 2312 Cumque
2822 2254 2875 2291 e·

1653 2320 1886 2379 duxeris
1912 2338 2115 2397 aquam
2154 2316 2227 2374 de
2261 2322 2445 2395 petra,
2487 2311 2644 2370 bibet
2692 2312 2878 2370 omnis

1655 2397 1962 2456 multitudo
2013 2404 2073 2456 et
2127 2395 2393 2472 jumenta
2456 2390 2601 2468 ejus·
2724 2389 2878 2449 Tulit

1653 2477 1833 2555 igitur
1884 2476 2116 2551 Moyses
2170 2472 2409 2550 virgam,
2454 2487 2582 2546 quae
2630 2476 2774 2527 erat
2820 2469 2877 2526 in

1655 2562 1958 2633 conspectu
1983 2551 2237 2622 Domini,
2260 2550 2401 2608 sicut
2419 2556 2787 2627 praeceperat
2812 2548 2878 2617 ei,

1656 2640 1996 2712 congregata
2019 2629 2176 2688 omni
2205 2626 2574 2686 multitudine
2600 2633 2753 2684 ante
2785 2644 2881 2760 Her

1656 2719 1825 2783 tram,
1872 2711 2132 2787 dixitque
2185 2708 2299 2779 eis3
2354 2704 2592 2773 Audite,
2630 2706 2792 2771 rebe⁴
2827 2723 2881 2762 es

1657 2798 1717 2850 et
1741 2787 2050 2848 increduli:
2089 2785 2249 2847 Num
2288 2784 2362 2843 de
2386 2791 2555 2862 petra
2580 2781 2696 2840 hac
2725 2782 2879 2840 vobis

1655 2888 1858 2947 aquam
1909 2867 2221 2947 poterimus
2274 2862 2531 2942 ejicere?
2610 2859 2880 2938 Cumque

1657 2947 1930 3006 elevasset
1967 2946 2200 3021 Moyses
2247 2960 2497 3011 manum,
2543 2939 2881 3017 percutiens

1659 3027 1816 3105 virga
1846 3026 1932 3084 bis
1979 3022 2210 3094 silicem,
2251 3038 2492 3100 egressae
2532 3024 2671 3075 sunt
2715 3036 2883 3096 aquae

1657 3103 2008 3184 largissimae,
2049 3103 2133 3160 ita
2169 3108 2237 3158 ut
2272 3095 2512 3176 populus
2549 3094 2791 3155 biberet
2828 3105 2886 3155 et

1649 3183 1929 3260 jumenta.
2005 3180 2281 3255 Dixitque
2304 3174 2584 3234 Dominus
2605 3174 2682 3232 ad
2707 3174 2882 3251 Moy-

1656 3281 1757 3321 sen
1798 3268 1857 3321 et
1899 3261 2136 3330 Aarou;
2184 3256 2332 3325 Quia
2382 3273 2516 3330 non
2551 3252 2888 3311 credidistis

1658 3339 1818 3413 mihi,
1845 3346 1912 3398 ut
1945 3333 2370 3397 sanctificaretis
2397 3351 2492 3391 me
2518 3350 2718 3389 coram
2753 3330 2887 3388 filiis

1661 3417 1860 3490 Israel,
1907 3436 2024 3475 non
2069 3411 2437 3489 introducetis
2485 3408 2590 3467 hos
2682 3408 2888 3488 opulos
2957 3431 2958 3434 ¹

1656 3497 1717 3555 in
1745 3506 1980 3569 terram,
2021 3512 2193 3572 quam
2227 3492 2372 3550 dabo
2412 3488 2512 3547 eis-
2664 3507 2760 3546 aec
2803 3499 2889 3547 est

1657 3596 1803 3712 aqlua
1829 3571 2306 3643 contradictionis,
2347 3567 2443 3625 ubi
2476 3566 2706 3645 jurgati
2751 3576 2889 3625 sunt

1659 3655 1698 3712 fi
1728 3656 1764 3712 'i
1793 3653 1975 3714 Israel
1999 3659 2197 3710 contra
2234 3645 2570 3715 Dominum,
2611 3650 2678 3703 et
2724 3665 2892 3704 sanc-

1658 3732 1907 3791 tificatus
1934 3739 2022 3791 est
2041 3730 2100 3786 in
2129 3728 2225 3789 eis.

1741 3810 2043 3870 Gradatae

1727 3888 1798 3942 In
1828 3888 1940 3943 Deo
2126 3882 2208 3938 vit
2241 3897 2331 3937 eor
2365 3893 2551 3932 meum
2573 3880 2630 3930 et
2651 3877 2897 3948 adjutus

1656 3977 1777 4013 sum
1805 3979 1817 4013 ι
1843 3965 1899 4013 et
1921 3975 1979 4012 re
2018 3954 2162 4009 oruit
2192 3969 2314 4007 caro
2351 3966 2485 4018 mea,
2512 3951 2569 4001 et
2592 3962 2659 4000 ex
2691 3966 2895 4002 irmun—

1659 4035 1771 4085 tate
1795 4047 1914 4085 mea
1936 4027 2226 4082 confitebor
2249 4023 2346 4075 illi.

1660 4204 1683 4232 ⁰
1719 4194 1789 4249 ib.
1819 4192 1889 4263 (V.
1923 4190 1994 4261 l.)

1663 4265 1683 4301 ¹
1714 4282 1827 4336 cap.
1855 4278 1943 4316 xx.
1975 4261 2043 4313 A.
2074 4257 2144 4330 (v.
2183 4252 2370 4324 6-13.)

1660 4346 1688 4384 8
1724 4335 1810 4388 Ps.
1838 4331 2001 4387 xxvii.
2032 4326 2239 4400 (xxviii.
2270 4326 2319 4392 7,
2351 4321 2425 4392 1.)
