2975 5009
283 257 412 328 347

284 427 487 490 fuero?
591 429 947 510 Congregate
1005 429 1080 488 ad
1143 449 1237 490 me
1302 450 1502 490 omnes

284 508 526 585 majores
554 517 691 567 natu
732 529 838 588 per
874 509 1056 568 tribus
1082 520 1298 567 vestras
1322 519 1497 585 atque

284 586 561 658 doctores,
628 595 688 646 et
739 590 938 665 loquar
1002 587 1360 645 audientibus
1413 588 1498 646 eis

282 684 571 724 sermones
597 665 753 737 istos,
782 677 842 724 et
868 665 1135 722 invocabo
1174 674 1374 723 contra
1399 684 1496 723 eos

283 741 486 801 coelum
529 750 592 802 et
630 751 865 802 terram.
948 741 1105 801 Novi
1145 743 1300 802 enim
1340 743 1496 820 quod

284 830 413 898 post
452 829 697 880 mortem
740 841 925 881 meam
965 822 1157 898 inique
1195 820 1392 899 agetis,
1436 830 1497 880 et

283 898 638 958 declinabitis
678 899 792 958 cito
830 899 903 958 de
932 899 1020 957 via
1044 918 1212 975 quam
1248 900 1495 977 praecepi

284 978 487 1037 vobis:
557 985 616 1036 et
669 985 968 1036 occurrent
1022 977 1178 1035 vobis
1231 976 1381 1034 mala
1432 979 1495 1034 in

286 1063 549 1114 extremo
608 1063 885 1133 tempore,
951 1056 1177 1133 quando
1251 1054 1497 1113 feceritis

286 1132 497 1191 malum
535 1133 596 1190 in
634 1144 936 1211 conspectu
977 1132 1230 1204 Domini,
1267 1141 1333 1190 ut
1363 1132 1495 1190 irri-

284 1211 421 1270 tetis
472 1231 603 1269 eum
663 1230 767 1289 per
820 1230 993 1290 opera
1047 1230 1317 1269 manuum
1372 1231 1497 1270 ves-

287 1297 525 1347 trarum.
629 1288 878 1348 Locutus
930 1297 1018 1349 est
1073 1308 1208 1368 ergo
1260 1289 1497 1365 Moyses

284 1367 553 1425 audiente
572 1368 834 1426 universo
854 1375 1004 1426 coetu
1025 1366 1271 1424 filiorum
1293 1366 1495 1439 Israel,

285 1446 459 1503 verba
510 1444 774 1504 carminis
827 1444 1016 1524 hujus,
1079 1457 1139 1504 et
1189 1445 1262 1502 ad
1316 1445 1494 1504 finem

286 1542 323 1580 u
391 1541 461 1581 ue
488 1520 811 1600 complevit.

421 1608 659 1658 ractus.⁸

357 1676 602 1731 Attende
635 1677 832 1731 coelum
868 1682 924 1731 et
957 1677 1179 1748 loquar:
1217 1681 1273 1730 et
1308 1677 1497 1732 audiat

287 1751 431 1801 terra
451 1748 614 1802 verba
636 1764 704 1801 ex
726 1765 815 1802 ore
838 1765 973 1802 meo.

299 1816 359 1870 V.
432 1817 758 1889 Expectetnr
802 1817 942 1872 sicut
989 1817 1175 1889 pluvia
1221 1817 1496 1887 eloquium

287 1902 471 1941 meum
511 1907 523 1940 ε
557 1893 613 1942 et
647 1888 977 1942 descendant
1017 1888 1157 1942 sicut
1202 1904 1289 1941 ros
1332 1891 1497 1946 verba

286 1975 440 2012 mea:
478 1957 554 2011 sic
641 1959 814 2013 imber
835 1976 995 2030 super
1016 1958 1278 2030 gramina.

299 2027 359 2083 V.
433 2027 506 2082 Et
552 2046 596 2082 si
645 2034 692 2082 it
739 2029 836 2082 nix
876 2046 1037 2100 super
1072 2029 1316 2086 foenum:
1365 2032 1496 2103 quia

286 2114 484 2152 nomen
511 2098 648 2152 Dom
712 2099 725 2111 ’
753 2098 1023 2153 invocabo,

299 2168 361 2222 V.
434 2168 572 2222 Date
619 2169 1052 2240 magnitudinem
1101 2167 1213 2222 Deo
1267 2177 1494 2226 nostro:

230 2268 237 2275 ·
287 2237 445 2322 Deus.
473 2255 635 2320 verax
675 2256 836 2311 opera
868 2239 986 2309 ejus
1013 2258 1025 2292 z
1063 2244 1120 2293 et
1160 2259 1345 2297 omnes
1391 2242 1496 2298 viae

287 2325 406 2433 eslim
419 2308 754 2432 fiisffltii‘delis
770 2376 829 2431 in
849 2395 956 2448 quo
974 2395 1085 2433 non
1104 2386 1185 2435 est
1202 2381 1492 2455 iniquitas:

280 2447 467 2520 justus
490 2453 546 2502 et
570 2453 788 2503 sanctus
812 2448 1092 2504 Dominus.

365 2519 650 2595 Sequatur
673 2518 889 2578 Oratio.

366 2595 545 2670 Deus,
586 2598 682 2676 qui
722 2597 1027 2658 Ecclesiam
1068 2608 1227 2660 tuam
1268 2622 1495 2680 semper

285 2676 544 2754 gentium
598 2676 886 2736 vocatione
940 2676 1309 2758 multiplicas:
1364 2700 1498 2739 con·

287 2755 442 2826 cede,
480 2753 774 2833 propitius,
818 2764 882 2813 ut
915 2775 1052 2833 quos
1095 2778 1240 2835 aqua
1286 2759 1498 2837 baptis·

289 2832 458 2890 matis
477 2832 676 2903 abluis,
706 2834 970 2892 continua
999 2839 1349 2913 protectione
1371 2852 1496 2897 tue-

288 2911 423 2968 aris.
506 2910 621 2970 Per
650 2911 982 2970 Dominum.

368 2987 541 3046 Hanc
577 2988 902 3048 Orationem
927 3011 1039 3049 ‘non
1065 3000 1328 3070 sequatur
1357 2990 1497 3051 Lec-

291 3066 372 3124 tio
398 3067 493 3124 sed
521 3066 808 3126 Tractus.b

289 3195 319 3225 ⁸
356 3186 514 3241 Deut.
539 3203 655 3258 cap.
682 3186 851 3242 xxxii.
879 3187 951 3258 (v.
981 3188 1126 3259 1-4.)

292 3295 330 3330 ⁴*
364 3295 554 3349 Postea
595 3301 845 3366 sequatur
891 3294 1230 3369 Septifomis
1269 3296 1500 3352 Letania

293 3382 413 3437 quae
445 3367 506 3418 in
541 3367 711 3419 medio
742 3366 888 3419 chori
922 3384 960 3421 a
995 3373 1183 3436 septem
1209 3369 1401 3436 pueris
1435 3371 1499 3422 in

293 3454 361 3489 su
552 3437 672 3489 iciis
716 3437 929 3505 dicitur,
973 3443 1023 3490 et
1067 3438 1280 3490 interim
1328 3437 1500 3509 Kyrie

295 3507 528 3578 eleyson.
587 3505 798 3559 Christe
821 3506 1051 3588 eleyson.
1120 3506 1344 3577 Christe,
1372 3510 1502 3563 audi

294 3594 408 3631 nos.
515 3576 715 3631 Sancta
772 3576 962 3645 Maria,
1020 3593 1116 3630 ora
1172 3593 1268 3648 pro
1327 3581 1495 3633 nobis.

295 3647 492 3702 Finita
548 3646 646 3700 hac
699 3646 943 3715 Letania,
995 3648 1177 3700 statim
1233 3648 1500 3718 incipiant

300 3718 744 3841 Quirssuepartita
801 3717 1028 3770 Letania
1085 3734 1204 3787 quae
1247 3735 1286 3772 a
1343 3723 1498 3789 quin-

292 3805 392 3859 que
490 3788 687 3841 iaconis
722 3787 974 3840 dicantur
1009 3788 1072 3840 in
1107 3790 1497 3858 sussmpelliciis.

299 3859 436 3912 Cum
457 3875 564 3929 qua
590 3862 674 3911 eat
697 3858 956 3925 processio
991 3857 1066 3911 ad
1085 3855 1265 3927 fontes
1299 3861 1499 3913 benedi-

292 3930 490 3983 cendos.
571 3927 831 3997 Comffleta
849 3927 1212 3982 Benedictiorze
1224 3929 1496 4000 Pontium,

292 4004 396 4053 tres
432 3999 608 4052 clerici
641 3999 705 4052 de
741 3998 1002 4066 superiori
1033 3999 1210 4068 qradu
1251 4001 1312 4053 in
1351 4003 1500 4070 capis

288 4070 469 4123 sericis
502 4072 710 4122 cantent
742 4066 882 4121 hanc
913 4068 1212 4124 Letaniam.
1299 4070 1501 4125 Chorus

291 4140 430 4193 idem
463 4143 659 4207 repetat
680 4143 807 4207 post
838 4154 1256 4213 unumquemque
1277 4157 1495 4197 versum.

294 4279 415 4333 Ru
437 4284 742 4333 sanctorum
765 4279 1091 4350 angelorum,

364 4355 540 4404 totum
565 4349 828 4403 mundum
853 4350 1065 4421 adjuva.

291 4419 400 4474 Ora.
415 4419 654 4501 primum
681 4426 744 4473 tu
778 4437 874 4491 pro
900 4421 1064 4491 nobis,

360 4489 527 4559 Virgo
551 4495 722 4545 mater
744 4491 1026 4546 Germinis.

1170 274 1251 322 us
1300 273 1620 323 sAsssvro
1661 272 1946 323 smero.
2688 240 2800 326 348

1680 428 1835 485 Sicut
1855 445 2043 485 cervus
2075 428 2340 485 desiderat
2360 429 2431 484 sd
2453 430 2631 486 fimtes
2656 448 2803 502 aqua-

1613 515 1776 624 rDiign:
1818 499 1901 556 ita
1932 500 2199 556 desiderat
2237 501 2425 556 anima
2462 518 2586 556 mea
2631 502 2701 556 ad
2742 509 2802 571 ts,

1695 587 1773 624 us.

1626 639 1685 694 Υ.
1758 639 1945 695 Sitivit
1967 640 2155 695 anima
2178 658 2301 695 mea
2320 641 2392 695 ad
2415 641 2594 695 Deum
2618 640 2802 709 vivum,

1611 711 1841 833 ‹113uandq
1855 711 2068 765 veniam
2092 717 2148 766 et
2169 713 2433 784 apparebo
2467 718 2598 767 ante
2631 712 2803 767 faciem

1664 798 1714 835 ei
1738 798 1860 834 mei.

1623 850 1684 905 Υ.
1759 850 2002 905 Fuerunt
2037 851 2173 905 mihi
2207 851 2461 919 lacrymae
2498 869 2633 907 mese
2656 869 2806 935 panes

1610 919 1699 975 die
1744 938 1808 976 ac
1855 928 2011 976 nocte
2045 941 2057 975 z
2123 921 2256 976 dum
2297 922 2497 976 dicitur
2541 923 2684 976 mikn
2724 939 2807 995 per

1610 992 1852 1062 singulos
1874 992 2003 1060 dies,
2032 990 2141 1046 Ubi
2165 997 2247 1046 est
2270 991 2414 1047 Deus
2438 999 2581 1047 tuus.

1691 1063 1915 1121 Deinde
1967 1071 2270 1140 sequantur
2334 1066 2463 1122 duce
2526 1063 2805 1124 Orationes

1610 1141 1711 1198 sub
1735 1160 1849 1200 uno
1870 1140 1985 1200 Per
2005 1143 2314 1200 Dominum
2341 1151 2392 1201 et
2417 1143 2515 1200 sub
2535 1163 2651 1201 uno
2675 1142 2805 1202 Ors-

1613 1237 1754 1276 mus.

1696 1294 1912 1354 OratiO.

1715 1373 1995 1446 Concede,
2062 1393 2399 1452 quaesumus‚
2460 1376 2808 1455 omnipotens

1612 1449 1790 1524 Deus,
1820 1461 1886 1511 ut
1925 1454 2023 1531 qui
2064 1454 2209 1511 festa
2248 1453 2543 1513 Paschalia
2581 1456 2805 1548 agimuS,

1610 1529 1926 1589 coelestibus
1978 1531 2271 1590 desideriis
2310 1533 2547 1605 accensi,
2602 1537 2808 1592 iontem

1611 1607 1747 1666 vitoe
1782 1607 2035 1667 sitiamus
2076 1608 2389 1667 Dominum
2429 1620 2692 1669 nostrum
2717 1612 2757 1670 J
2758 1632 2810 1670 e-

1610 1703 1735 1743 sum
1792 1686 2081 1745 Christum
2149 1686 2357 1745 Filium
2410 1697 2594 1748 tuum.
2706 1688 2812 1757 Qui

1611 1771 1818 1822 tecum.
2275 1792 2282 1797 -

1690 1840 2070 1920 Omnipotens
2096 1842 2444 1922 sempiterne
2486 1844 2664 1915 Deus,
2704 1865 2810 1904 res-

1610 1919 1735 1997 pice
1787 1920 2063 1998 propitius
2108 1921 2181 1978 ad
2224 1922 2588 1981 devotionem
2629 1922 2811 2002 populi

1613 1999 1975 2069 renascentiS,
2014 1999 2111 2076 qui
2152 1999 2298 2057 sicut
2323 2020 2521 2059 cervus
2548 2021 2810 2078 aquarum

1612 2077 1834 2154 expetit
1859 2076 2114 2135 fontem:
2156 2087 2215 2137 et
2253 2078 2499 2137 concede
2525 2080 2812 2158 propitius,

1611 2161 1677 2212 ut
1718 2153 1855 2213 fidei
1889 2154 2064 2244 ipsius
2101 2155 2224 2214 sitis
2265 2157 2623 2233 baptismatis
2674 2177 2817 2233 mys-

1611 2231 1759 2289 terio
1810 2252 2058 2290 annnam
2110 2253 2423 2312 corpusque
2487 2235 2812 2293 sanctificet.

1615 2308 1732 2367 Per
1760 2309 2085 2369 Dominum.

1691 2386 1731 2422 '²‘
1746 2386 1971 2445 Deinde
2010 2394 2273 2465 sequatur
2316 2387 2675 2466 septiformis
2712 2389 2811 2447 Le-

1610 2464 1795 2537 tania,
1838 2485 1961 2541 quoe
2006 2465 2074 2523 in
2113 2466 2297 2523 medio
2338 2467 2498 2525 chori
2540 2489 2579 2525 a
2619 2476 2814 2545 septem

1600 2543 1801 2619 pueris
1852 2544 1920 2600 in
1983 2544 2390 2621 superpelliciis
2450 2545 2669 2604 dicitur
2686 2567 2711 2617 ;
2767 2553 2815 2603 et

1611 2620 1846 2679 interim
1909 2629 2075 2678 exuat
2134 2622 2386 2679 sacerdos
2453 2624 2707 2681 casulam
2766 2630 2813 2680 et

1611 2706 1799 2756 sumat
1837 2718 2042 2775 capam
2072 2699 2310 2757 sericam
2347 2701 2582 2759 rubeam
2636 2702 2812 2758 adhue

1610 2776 1811 2834 stando
1851 2785 1979 2835 ante
2018 2777 2215 2847 altare,
2257 2778 2430 2835 donec
2459 2787 2814 2856 permutetur

1609 2852 1859 2912 laetania
1880 2854 1978 2913 (fic.
1997 2863 2062 2912 ut
2077 2855 2142 2913 in
2168 2856 2676 2917 Processionalibus
2691 2878 2809 2914 eon·

1612 2931 1840 2990 timetur.
1907 2932 2117 2990 Finita
2142 2933 2410 3006 Letania,
2431 2935 2662 3006 scilicet,
2685 2936 2809 2993 Rex

1609 3011 1997 3081 sanctorum,‘'‘’
2036 3011 2358 3088 incipiatur
2394 3013 2586 3070 Missa
2628 3014 2812 3071 solem—

1611 3087 1762 3145 niter
1807 3109 1846 3145 a
1881 3096 2121 3160 cantore,
2156 3089 2277 3147 sine
2316 3090 2593 3167 reyimine
2645 3090 2811 3163 chori,

1611 3188 1641 3227 b
1676 3189 1763 3243 Ps.
1789 3189 1883 3243 xli.
1912 3190 2050 3262 (xlii.
2079 3189 2224 3261 1-3.)

1612 3297 1684 3351 Et
1707 3297 1944 3352 ministri
1967 3297 2146 3353 Patris
2167 3300 2368 3354 summi

1682 3368 1909 3423 Ordines
1930 3386 2002 3423 an
2039 3369 2174 3423 elici.

1610 3437 1935 3493 Surrmcxrn
1958 3438 1999 3492 C
2040 3439 2168 3493 risto
2192 3439 2304 3510 regi

1682 3508 1866 3563 Coetus
1887 3509 2176 3580 apostolici.

1611 3564 1991 3649 supplicetque
2013 3595 2425 3651 pei-magnorum

1609 3650 2407 3775 fflffifflssgffim

1681 3806 2034 3861 consonaeque
2056 3790 2303 3862 virgines.

1610 3859 1728 3924 Quo
1751 3861 1982 3915 donetur
2003 3878 2215 3932 magnas
2238 3861 2393 3916 nobis

1683 3936 1895 4003 tempus
1919 3931 2289 4002 indulgentiae.

1613 3999 1797 4055 Ouum
1819 4001 1993 4055 sancti
2016 4008 2178 4072 atque
2194 4000 2351 4073 justi,

1683 4088 1781 4125 nos
1803 4088 2083 4142 precamur
2105 4072 2303 4142 cernui,

1614 4141 1692 4195 Ut
1719 4147 1975 4212 purgetur
1998 4142 2200 4196 crimen
2225 4158 2385 4196 omne

1684 4217 1859 4266 vestro
1882 4213 1983 4267 sub
2007 4213 2262 4266 oramine.

1613 4281 1812 4350 Husus,
1840 4281 2051 4336 Christe
2074 4282 2265 4336 Pastor
2286 4282 2446 4353 alme,

1680 4351 1851 4423 plebis
1873 4358 1999 4407 vota
2019 4354 2225 4424 suscipe

1610 4421 1715 4486 Qui
1737 4421 2012 4493 plasmasti
2035 4393 2426 4505 protopiastum

1684 4498 1739 4547 et
1761 4510 1933 4564 genus
1954 4493 2311 4565 gignentium.
