2975 5009
121 209 198 272 61
367 220 760 270 NAwlvlrrAs
791 218 1080 269 nomm.

119 382 171 438 lc.
214 378 380 441 Stella
405 377 596 448 mariS‚
617 397 786 454 quem
812 384 875 435 tu
906 376 1075 455 pariS‚

285 458 414 516 colit
441 457 591 514 hunc
617 455 883 514 Ecclesia.

121 539 173 598 k.
216 537 334 616 Ipsi
360 543 559 593 nostra
581 555 685 611 per
711 543 772 592 te
799 534 894 612 pia

289 613 546 693 placeant
571 613 818 671 servitia.

120 696 157 754 l.
214 695 498 753 Resonent
524 701 724 749 cuncta
749 692 1058 768 redempta.

195 772 441 836 Initium
490 770 675 828 sancti
726 770 1036 846 Evanyelii
1058 793 1075 828 .·
1129 791 1316 828 secun-

118 851 252 910 dum
279 850 645 908 Johannem.a

197 931 266 987 In
290 927 593 1007 principio.
622 935 745 987 erat
774 926 1054 997 Verbum,
1085 935 1145 986 et
1171 926 1316 986 Ver-

121 1012 252 1068 bum
300 1015 421 1066 erat
461 1005 612 1083 apud
651 1006 859 1074 Deum,
902 1014 962 1064 et
1002 1006 1160 1064 Deus
1196 1015 1319 1065 erat

126 1086 394 1145 Verbum.
476 1085 605 1142 Hoc
632 1094 757 1142 erat
777 1085 837 1140 in
867 1084 1144 1162 principio
1171 1086 1318 1163 apud

127 1166 323 1224 Deum.
401 1162 610 1221 Omnia
633 1183 738 1241 per
765 1162 946 1240 ipsum
975 1162 1124 1221 facta
1149 1172 1281 1222 sunt
1303 1185 1318 1223 t

125 1252 184 1303 et
208 1243 324 1300 sine
359 1240 483 1319 ipso
521 1238 730 1299 factum
772 1249 858 1299 est
896 1240 1058 1298 nihil.
1155 1242 1321 1309 Quod.

125 1320 326 1379 factum
379 1328 467 1378 est
505 1321 564 1375 in
604 1320 730 1397 ipso
765 1318 883 1376 vita
922 1327 1062 1391 erat,
1106 1327 1165 1378 et
1204 1322 1322 1379 vita

126 1409 246 1459 erat
276 1398 373 1455 lux
402 1397 716 1456 hominum.
772 1398 884 1456 Ἐἰς
921 1396 1023 1455 lux
1062 1399 1122 1455 in
1162 1406 1318 1457 tene-

125 1479 238 1537 bris
264 1477 425 1547 lucet,
467 1484 526 1535 et
552 1477 808 1534 tenebrae
848 1495 972 1534 eam
1013 1497 1126 1535 non
1168 1498 1318 1535 eom-

162 1555 561 1615 rehenderunt.
643 1553 778 1613 Fuit
832 1554 1002 1613 homo
1044 1556 1239 1613 missus
1288 1576 1321 1613 a

185 1655 265 1704 eo,
292 1634 378 1691 cui
403 1652 612 1692 nomen
649 1642 772 1691 erat
811 1632 853 1691 J
855 1631 1122 1692 ohannes.
1203 1634 1321 1692 Hic

127 1714 278 1771 venit
304 1712 362 1768 in
393 1711 797 1782 testimonium,
835 1718 902 1769 ut
936 1712 1322 1770 testimonium

124 1790 449 1870 perhiberet
473 1789 546 1848 de
572 1789 819 1849 lumine:
873 1798 939 1849 ut
980 1810 1175 1849 omnes
1201 1811 1322 1849 cre-

125 1871 324 1927 derent
348 1888 450 1946 per
475 1866 652 1925 illum.
734 1867 869 1926 Non
911 1876 1035 1927 erat
1075 1868 1166 1928 ille
1202 1869 1322 1940 lux,

122 1949 219 2006 sed
275 1956 341 2005 ut
403 1946 790 2004 testimonium
857 1946 1185 2025 perhiberet
1251 1949 1323 2006 de

123 2025 351 2083 lumine.
435 2024 580 2083 Erat
605 2024 707 2082 lux
727 2046 877 2096 vera,
900 2045 1025 2102 quae
1043 2024 1326 2084 illuminat

122 2124 346 2162 omnem
383 2102 671 2162 hominem
712 2103 1039 2162 venientem
1075 2104 1135 2161 in
1176 2104 1325 2162 hunc

121 2183 412 2240 mundum.
494 2180 567 2237 In
589 2183 799 2240 mundo
825 2190 965 2252 erat,
995 2189 1055 2241 et
1082 2183 1324 2241 mundus

65 2303 73 2312 .
118 2281 224 2339 per
261 2262 445 2339 ipsum
481 2259 658 2319 factus
697 2268 800 2331 est,
831 2268 889 2318 et
916 2261 1158 2319 mundus
1194 2282 1321 2320 eum

120 2360 235 2396 non
281 2339 562 2416 cognovit.
667 2338 741 2395 In
783 2339 1011 2417 propria
1048 2340 1222 2410 venit,
1266 2347 1325 2398 et

116 2418 204 2476 sui
251 2436 381 2475 eum
423 2436 536 2474 non
575 2425 929 2495 receperunt.
1038 2418 1327 2495 Quotquot

114 2505 311 2556 autem
328 2504 664 2573 receperunt
683 2516 832 2568 eum,
859 2496 1017 2554 dedit
1034 2497 1114 2555 eis
1139 2508 1329 2573 potes-

1652 216 1906 267 sANo'n
1939 216 2329 267 s‘rEPHAm.
2551 200 2637 264 62

1424 380 1604 433 tatem
1633 375 1777 435 filios
1805 376 1918 434 Dei
1946 376 2092 447 fieri,
2123 374 2231 448 his,
2259 376 2353 452 qui
2397 374 2636 433 credunt

1424 454 1484 509 in
1527 454 1756 514 nomine
1784 455 1935 533 ejus:
1978 457 2074 531 qui
2103 475 2219 512 non
2247 475 2321 512 ex
2348 453 2635 531 sanguini-

1424 532 1550 603 buS,
1579 553 1759 610 neque
1788 554 1861 590 ex
1890 532 2182 591 voluntate
2209 534 2412 604 carnis,
2454 551 2636 607 neque

1427 630 1502 668 ex
1523 610 1814 670 voluntate
1837 610 1961 681 viri,
1985 612 2084 669 sed
2106 631 2178 669 ex
2201 612 2326 669 Deo
2348 611 2467 668 nati
2485 618 2633 668 sunt.

1429 688 1509 747 Et
1539 690 1797 748 Verbum
1824 709 1953 747 caro
1993 688 2203 747 factum
2246 697 2349 761 est,
2380 696 2440 747 et
2478 688 2636 746 habi-

1428 768 1573 827 tavit
1626 769 1687 825 in
1741 769 1940 827 nobis:
1996 778 2055 826 et
2108 767 2349 825 vidimus
2400 767 2637 846 gloriam

1430 845 1567 923 ejus,
1609 846 1846 926 gloriam
1889 846 2047 923 quasi
2075 846 2351 923 unigeniti
2382 866 2418 904 a
2443 845 2634 916 Patre,

1429 924 1662 1003 plenum
1682 927 1885 1002 gratiae
1912 934 1971 984 et
1999 926 2270 985 veritatis.

1514 1018 1893 1093 offertorium.

1503 1094 1605 1149 'rui
1642 1100 1772 1148 sunt
1795 1094 1916 1149 coeli
1941 1100 1996 1149 et
2021 1099 2118 1148 tua
2141 1099 2221 1148 est
2246 1098 2421 1148 terra:
2456 1093 2637 1147 orbem

1431 1170 1697 1219 terrarum
1740 1172 1795 1219 et
1841 1166 2237 1238 plenitudinem
2274 1165 2390 1236 ejus
2423 1169 2483 1217 tu
2516 1164 2638 1216 fun-

1433 1237 1573 1290 dasti
1595 1256 1607 1304 ;
1650 1236 1871 1307 justitia
1911 1243 1968 1292 et
2000 1236 2270 1308 judicium
2318 1234 2639 1307 praeparatio

1433 1307 1572 1361 sedis
1596 1307 1755 1362 tuae.b

1513 1392 1752 1452 Secreta.

1517 1471 1742 1540 Oblata,
1772 1470 2034 1543 Domine,
2058 1489 2298 1528 munera
2315 1486 2460 1526 nova
2485 1468 2652 1526 Uni-0

1432 1550 1615 1627 geniti
1630 1551 1716 1607 tui
1736 1549 2056 1608 Nativitate
2077 1548 2366 1606 sanctifica
2383 1568 2399 1617 ;
2429 1566 2641 1623 nosque

1433 1647 1468 1684 a
1495 1635 1850 1706 peccatorum
1872 1635 2193 1685 nostrorum
2222 1625 2453 1682 maculis
2482 1633 2506 1661 ⁰
2532 1624 2643 1683 ele-

1438 1716 1668 1765 menter
1685 1721 1709 1750 0
1736 1706 1996 1764 emunda.
2079 1706 2194 1764 Per
2219 1704 2483 1763 eundem.

1523 1796 1888 1856 Communio.
1958 1848 1962 1852 .

1509 1874 1779 1929 Viderunt
1816 1891 2000 1929 omnes
2035 1874 2171 1929 fines
2210 1877 2371 1928 terrae
2408 1872 2645 1928 salutare

1438 1946 1538 2002 Dei
1564 1944 1784 1999 nostri.d

1516 2032 1987 2089 PostcommuniO.

1555 2109 1790 2181 Praesta,
1866 2126 2202 2186 quaesumuS‚
2273 2108 2643 2187 omnipotens

1438 2189 1611 2261 DeuS,
1640 2197 1706 2247 ut
1733 2197 1897 2245 natus
1937 2187 2104 2246 hodie
2146 2187 2404 2247 Salvator
2430 2188 2643 2260 mundi,

1437 2268 1579 2325 sicut
1643 2267 1850 2325 divinae
1916 2266 2076 2324 nobis
2127 2265 2506 2344 generationis
2560 2275 2646 2324 est

1439 2353 1649 2417 auctor,
1694 2346 1774 2404 ita
1816 2352 1876 2403 et
1927 2344 2367 2404 immortalitatis
2412 2345 2487 2403 sit
2525 2345 2644 2423 ipse

1439 2423 1693 2504 largitor.
1779 2423 1894 2492 Qui
1919 2431 2125 2484 tecum.

617 2747 710 2819 In
761 2746 879 2821 die
924 2750 1152 2823 sancti
1195 2750 1544 2847 Stephani
1572 2726 2164 2842 *Protomaoiyria

196 2930 307 2989 Ad
331 2930 598 2988 Missam.
683 2930 962 3007 Officium.

143 3029 146 3034 ·
195 3010 441 3069 Etenim
485 3009 761 3067 sederunt
806 3010 1083 3090 principes
1131 3020 1191 3073 et
1232 3013 1331 3070 ad-

118 3108 354 3146 versum
411 3107 504 3146 me
571 3087 961 3164 loquebantur,
1030 3099 1089 3150 et
1156 3091 1334 3168 iniqui

119 3166 406 3244 persecuti
435 3173 568 3223 sunt
608 3186 716 3225 me.
799 3166 1029 3246 Adjuva
1062 3190 1173 3242 me,
1216 3170 1335 3228 Do·

120 3246 279 3303 mine
332 3245 492 3303 Deus
557 3264 733 3318 meuS,
778 3246 909 3323 quia
961 3266 1152 3305 servus
1205 3256 1334 3306 tuus

121 3325 504 3382 exercebatur
529 3322 589 3379 in
616 3325 728 3383 tuis
749 3324 1290 3403 justificationibuS.⁶

146 3401 153 3408 ’
202 3399 501 3458 I’salmuS.

174 3477 358 3532 Beati
398 3477 733 3531 immaculati
762 3478 822 3532 in
846 3478 967 3534 via:
1018 3481 1113 3552 qui
1149 3482 1335 3536 ambu-

119 3547 244 3602 lant
269 3548 332 3601 in
357 3548 479 3620 lege
497 3548 759 3604 Domini.f

207 3632 438 3690 Oratio.

200 3710 302 3769 Da
329 3711 511 3783 nobis,
545 3730 878 3787 quaesumuS,
907 3712 1171 3785 Domine,
1213 3713 1343 3770 imi-

119 3790 237 3846 tari
295 3790 451 3867 quod
505 3789 755 3863 colimus,
822 3799 887 3849 ut
955 3791 1230 3850 diseamus
1284 3799 1343 3849 et

68 3930 75 3935 ,
117 3866 390 3926 inimicos
439 3867 710 3946 diligere:
761 3869 891 3946 quia
929 3871 1046 3947 ejus
1087 3869 1346 3928 natalitia

115 3944 499 4017 celebramus,
528 3946 624 4023 qui
653 3948 811 4005 novit
831 3948 1003 4005 etiam
1026 3969 1129 4028 pro
1152 3969 1342 4027 perse-

115 4026 425 4084 cutoribus
453 4045 692 4085 exorare
734 4026 1042 4085 Dominum
1084 4037 1340 4087 nostrum

116 4224 151 4323 ἶ
183 4218 824 4361 ῗᾙιέχξὲῑξῖἆξὲἒζ.
856 4262 939 4360 1'1,
971 4290 1078 4361 14.)

119 4367 145 4430 (ἶ
185 4375 312 4411 non
341 4360 503 4413 habet
528 4359 612 4424 98.
976 4405 979 4408 .

118 4429 151 4464 ‘¹
192 4428 291 4483 Ps.
325 4430 480 4486 xcvii.
511 4429 710 4504 (xcviii.
741 4430 814 4501 3.)

1443 2932 1487 2991 J
1489 2951 1645 2991 esum
1679 2928 1971 2988 Christum
2014 2926 2222 2986 Filium
2264 2936 2444 2987 tuum.
2530 2928 2658 2996 Qui‘

1442 3019 1650 3071 tecum.

1525 3087 1819 3146 Memoria
1846 3085 1913 3143 de
1939 3084 2010 3142 N
2004 3084 2261 3142 ativitate
2288 3093 2527 3144 tantum.

1526 3166 1718 3224 Lectio
1745 3164 1995 3222 Actuum
2020 3163 2079 3220 A
2078 3166 2470 3240 postolomm.8

1526 3245 1600 3302 In
1648 3244 1843 3302 diebus
1894 3242 2025 3313 illis,
2080 3243 2399 3321 Stephanus
2451 3244 2650 3323 plenus

1447 3323 1633 3402 gratia
1660 3330 1719 3381 et
1744 3320 2077 3380 fortitudine
2116 3320 2354 3381 faciebat
2393 3324 2652 3402 prodigia

1449 3411 1509 3461 et
1550 3402 1712 3480 signa
1756 3420 1961 3479 magna
1999 3401 2059 3457 in
2100 3400 2326 3480 populo.
2410 3404 2653 3462 Surrex-

1450 3488 1640 3538 erunt‘
1673 3488 1862 3537 autem
1929 3479 2154 3555 quidam
2212 3481 2284 3540 de
2351 3501 2650 3560 synagoga,

1452 3578 1579 3635 quae
1644 3557 2031 3636 appellabatur
2098 3558 2539 3632 Libertinorum,
2596 3569 2657 3618 et

1451 3637 1883 3713 Cyrenensium,
1932 3644 1991 3695 et
2031 3636 2568 3709 Alexandrinorum,
2598 3645 2656 3696 et

1455 3735 1649 3773 eorum
1678 3715 1773 3792 qui
1802 3723 1964 3774 erant
1990 3736 2024 3772 a
2049 3714 2240 3773 Cilicia
2269 3723 2327 3775 et
2355 3716 2516 3786 Asia,
2544 3716 2656 3773 dis-

1454 3801 1718 3872 putantes
1745 3813 1870 3850 cum
1901 3792 2222 3871 Stephano:
2267 3802 2325 3851 et
2358 3814 2469 3850 non
2497 3802 2658 3870 pote·
2731 3802 2736 3806 ’

1456 3880 1621 3930 rantr
1677 3870 1905 3931 esistere
1959 3872 2249 3949 sapientiae
2303 3881 2362 3931 et
2419 3872 2655 3951 Spiritui

1492 3950 1550 4007 ui
1603 3948 1953 4026 loquebatur.
2055 3950 2085 3989 ¹1
2104 3950 2417 4009 Audientes
2470 3958 2656 4010 autem

1506 4048 1586 4087 aec
1637 4030 2057 4087 dissecabantur
2108 4029 2367 4088 cordibus
2419 4030 2549 4104 suiS,
2605 4036 2665 4088 et

1465 4231 1489 4260 e
1529 4222 1613 4276 Ps.
1643 4224 1817 4278 cxviii.
1845 4224 2003 4295 (cxix.
2037 4222 2123 4293 23,
2156 4221 2296 4276 161?
2332 4225 2442 4297 23.)

1465 4293 1486 4329 f
1519 4292 1667 4363 (ibid.
1697 4312 1743 4347 v.
1775 4296 1848 4367 1.)

1464 4373 1493 4409 g
1528 4382 1640 4433 cap.
1668 4365 1736 4419 vi.
1765 4365 1826 4419 B.
1855 4366 1924 4436 (V.
1956 4364 2137 4435 8-10.)

1465 4434 1496 4472 ¹¹
1532 4452 1643 4505 cap.
1672 4435 1761 4490 vii.
1791 4436 1849 4489 E.
1881 4436 1950 4506 (v.
1980 4435 2197 4507 54-60.)
