2975 5009
114 225 207 290 49
873 232 951 281 nv
983 233 1108 283 nm
1141 225 1612 285 NAwtvrrA-‘ns
1643 237 1930 289 nomm.
2584 231 2668 293 50

117 396 421 455 Manasses
435 402 628 453 autem
646 392 845 472 genuit
867 391 1079 449 Amen.
1144 391 1351 450 Amon-

117 483 316 534 autem
409 472 574 531 enuit
608 472 649 530 J
650 472 844 531 osiam.
923 471 968 528 J
969 470 1112 528 osias
1150 478 1339 530 autem

119 554 322 633 genuit
360 494 705 611 §echoniam
749 558 811 609 et
847 548 1055 608 fratres
1097 548 1236 627 ejus,
1278 548 1339 606 in

120 630 631 710 transmigratione
672 626 997 705 Babylonis.
1087 627 1175 685 Et
1210 634 1340 706 post

118 708 684 787 transmigrationem
715 706 1019 782 Babylonis
1067 704 1111 763 J
1111 704 1338 764 echoni-

119 809 181 847 as
220 788 425 868 genuit
463 785 753 846 Salathiel.
836 781 1108 844 Salathiel
1145 792 1338 843 autem

119 868 321 946 genuit
361 863 695 924 Zorobabel.
782 862 1100 922 Zorobabel
1143 870 1336 921 autem

120 945 323 1023 genuit
357 944 576 1003 Abiud.
657 942 856 1002 Abiud
907 950 1098 1002 autem
1137 940 1337 1019 genuit

125 1021 422 1082 Eliachim.
538 1021 817 1081 Eliachim
881 1029 1071 1080 autem
1135 1019 1337 1098 genuit

126 1102 304 1163 Azor.
413 1101 577 1182 Asor
613 1109 807 1162 autem
845 1100 1043 1178 genuit
1094 1096 1331 1180 Sadoqh.

1455 393 1674 454 sadoch
1695 403 1883 455 autem
1911 397 2110 478 genuit
2140 399 2367 460 Achim.
2452 400 2664 459 Achim

1450 480 1642 531 autem
1736 475 1895 535 enuit
1955 476 2142 536 Eliud.
2251 480 2420 539 Eliud
2470 489 2661 539 autem

1448 552 1647 687 ffinuit
1720 552 1922 613 leazar.
1992 556 2232 616 Eleazar
2252 569 2443 617 autem
2462 559 2660 636 genuit

1523 630 1719 689 athan.
1787 632 2030 692 Mathan
2048 643 2237 695 autem
2254 639 2450 716 genuit
2464 638 2659 695 Jacob.

1448 707 1631 767 Jacob
1698 718 1889 769 autem
1942 713 2138 791 genuit
2192 712 2235 772 J
2236 714 2409 793 oseph
2474 715 2657 773 virum

1449 785 1673 860 Mariae,
1727 788 1801 848 de
1853 810 1964 867 qua
2003 801 2167 853 natus
2207 800 2294 853 est
2332 794 2376 853 J
2376 812 2519 863 esus,
2562 794 2658 871 qui

1449 873 1681 924 vocatur
1710 866 1987 928 Christus.

1527 944 1730 1002 Finito
1774 945 2109 1024 Ευαπρεῖὶο,
2154 949 2406 1007 sacerdos
2430 950 2464 986 *ξ
2512 948 2657 1005 inci-

1436 1021 1574 1100 piat
1613 1023 1914 1083 Psalmum
1953 1027 2036 1086 Te
2082 1028 2307 1087 Deum:
2356 1048 2463 1103 quo
2510 1027 2659 1086 dicto

1446 1107 1674 1160 rectores
1698 1103 1856 1161 chori
1881 1104 2166 1183 incipiant
2191 1107 2441 1165 missam.

880 1361 1015 1439 Azd'
1037 1363 1345 1446 Missam
1380 1364 1460 1436 in
1488 1365 1899 1462 qallicamu.

205 1551 490 1629 Officium,

202 1631 484 1691 Dominus
507 1628 658 1687 dixit
693 1626 771 1686 ad
803 1647 919 1699 me,-
954 1625 1133 1687 Filius
1171 1645 1329 1688 meus

125 1729 185 1769 es
208 1720 274 1770 tu
296 1733 313 1770 ε
342 1729 449 1789 ego
472 1708 642 1767 hodie
666 1707 839 1784 genui
864 1716 975 1769 tes

202 1801 490 1859 Psalmus.

193 1877 369 1944 Quare
406 1877 743 1931 fremuerunt
781 1879 997 1947 gentes:
1044 1879 1107 1932 et
1146 1874 1333 1949 populi

124 1949 370 2004 meditati
386 1953 516 2003 sunt
532 1946 768 2001 inaniat>

200 2020 386 2097 Kyrie
411 2040 539 2078 cum
562 2019 682 2076 sub
712 2016 974 2077 versibus.
1053 2015 1335 2094 Seqmtm·

123 2098 317 2159 Gloria
354 2099 417 2156 in
448 2097 681 2157 excelsis
710 2117 861 2155 more
898 2095 1145 2173 duplicis
1173 2094 1332 2172 sesti.

196 2177 505 2238 Sciendum
543 2176 693 2253 quod
728 2196 841 2233 sem
978 2174 1060 2231 ad
1099 2174 1333 2232 missam

121 2255 337 2314 dicitur
375 2254 572 2315 Gloria
611 2254 674 2312 in
708 2274 850 2313 exce
899 2253 964 2322 is,
1005 2252 1215 2329 quotics
1253 2252 1334 2311 ad

120 2334 432 2392 matutinas
493 2333 710 2392 dicitum
771 2333 856 2391 'Pe
917 2332 1146 2392 Deum:
1214 2329 1335 2389 nisi

119 2414 295 2470 missa
322 2412 482 2472 Salus
506 2411 700 2490 populi
737 2410 822 2468 vel
859 2409 1034 2467 missa
1059 2409 1127 2467 de
1157 2408 1334 2468 Ome

117 2492 202 2548 vel
241 2491 420 2549 missa
461 2489 823 2549 dominicalis
863 2488 931 2545 in
963 2488 1156 2564 aliquo
1185 2486 1333 2563 festo

119 2570 300 2627 triwm
326 2570 622 2627 lectionum
646 2568 732 2625 vel
767 2564 929 2643 infra
964 2574 1185 2624 octavas
1210 2566 1332 2623 sine

116 2648 392 2725 reqimine
408 2648 564 2705 chori
580 2646 867 2704 cantanda
869 2644 1073 2721 fucrit.
1134 2643 1329 2715 Quant-

117 2726 188 2784 do
213 2748 344 2784 vero
370 2726 571 2802 aliqua
600 2725 775 2782 missa
813 2724 881 2781 de
919 2721 1126 2799 viqilia
1152 2722 1238 2779 vel
1262 2721 1331 2778 de

103 2804 247 2880 sesto
272 2804 456 2862 trium
488 2803 785 2862 lectionum
806 2801 841 2880 †
870 2801 937 2859 in
961 2800 1209 2878 capitulo
1236 2800 1330 2857 die

121 2881 439 2941 Dominica
464 2882 680 2940 dicitur
704 2903 722 2940 .·
761 2888 892 2938 tunc
918 2879 1091 2938 etiam
1116 2878 1332 2936 dicitur

117 2970 313 3020 cantu-s
527 2959 731 3037 Kyrie‚
770 2958 966 3018 Gloria
986 2957 1049 3014 in
1076 2955 1328 3029 excelsis,

119 3040 344 3116 wando
358 3039 575 3097 dicitur
594 3038 831 3098 Sanctus
856 3045 907 3094 et
934 3036 1139 3114 Agnus
1166 3033 1328 3114 Dei†

120 3126 169 3174 et
208 3119 302 3177 lte
341 3118 514 3176 missa
555 3124 643 3175 est
682 3115 828 3172 sicut
871 3114 938 3172 in
962 3114 1109 3191 festo
1150 3114 1330 3171 trium

122 3195 433 3255 lectionum.
519 3193 802 3253 Similiter
822 3194 939 3269 fiat
973 3191 1199 3269 quando
1234 3192 1326 3249 di-

121 3274 266 3333 citur
313 3274 493 3332 missa
548 3271 910 3330 dmninicalis
962 3271 1029 3328 in
1078 3290 1146 3329 ca
1199 3270 1330 3328 'tulo

121 3351 211 3410 die
262 3351 580 3411 Dominica
602 3373 626 3422 ;
690 3357 825 3408 twnc
873 3348 1047 3407 ctiam
1110 3290 1329 3408 «ligetur

124 3430 322 3489 Credo.

195 3521 416 3581 Oratio·

194 3600 367 3672 Deus,
404 3599 501 3678 qui
533 3598 681 3656 hanc
716 3594 1147 3655 sacratissimam
1194 3616 1326 3654 noc-

121 3686 234 3736 tem
276 3679 396 3738 veri
449 3676 680 3735 luminis
722 3675 901 3734 fecisti
952 3672 1327 3733 illustratione

118 3755 448 3817 clarescere:
516 3757 591 3813 da
639 3773 976 3832 quaesumus,
1039 3761 1106 3812 ut
1171 3752 1328 3830 cujus

119 3834 254 3893 lucis
305 3833 578 3912 mysteria
627 3832 688 3890 in
740 3840 899 3890 terra
949 3830 1326 3910 cognovimus,

119 3914 233 3992 ejus
271 3932 501 3992 quoque
538 3911 757 3991 gaudiis
795 3910 857 3968 in
899 3909 1039 3968 coelo
1075 3908 1326 3988 perfrua-

117 4012 265 4051 mur.
346 3992 465 4063 Qui
489 4000 696 4052 tecum.

119 4130 153 4244 i».
178 4134 364 4261 ξεῗὰέἰιι
377 4134 459 4277 ((Ῐὶ.
478 4134 565 4276 ⁷1.))

187 4328 224 4362 ὕ
258 4327 322 4380 in
344 4342 479 4395 capa
500 4322 915 4378 serica.—-Grad.

189 4399 226 4470 †
267 4398 468 4450 dicitur
506 4398 567 4449 in
603 4396 835 4464 capitulo
883 4394 969 4447 die
1013 4393 1281 4446 dominica
1297 4411 1317 4456 ,·

122 4474 244 4525 tunc
259 4469 474 4525 dicatur
484 4472 671 4601 cangius
693 4482 853 4534 super
877 4462 1049 4537 Kyrie
1070 4469 1118 4521 et
1138 4464 1322 4519 Gloria

1523 1545 1665 1607 Duo
1716 1550 1909 1610 clerici
1948 1551 2017 1611 de
2060 1553 2301 1612 secunda
2337 1554 2537 1631 forma
2589 1555 2656 1612 in

1441 1626 1601 1703 capis
1634 1629 1828 1687 sericis
1863 1631 1931 1689 in
1961 1631 2190 1710 pulpito
2228 1633 2402 1691 simul
2436 1640 2658 1691 cantent

1444 1702 1745 1765 lectionem.

1521 1782 1747 1844 Laudes
1779 1786 1905 1845 Deo
1943 1786 2127 1845 dioem
2168 1807 2273 1866 per
2312 1787 2531 1860 saecula,
2559 1788 2655 1867 qui

1443 1880 1537 1919 me
1562 1860 1860 1939 plasmavit
1899 1865 1959 1923 in
2000 1873 2171 1924 manu
2202 1868 2456 1939 dextera,
2484 1875 2654 1945 atque

1443 1938 1690 2002 redemit
1710 1961 1872 2003 cruce
1897 1964 2185 2023 purpurea
2202 1946 2474 2025 sanguine
2489 1945 2649 2004 Nati.

1523 2018 1644 2076 Hic
1662 2029 1915 2080 cantetur
1939 2023 2266 2083 alternatim

1525 2096 1726 2157 Lectio
1752 2100 1936 2160 Esaiae
1962 2100 2077 2159 Pro
2118 2100 2286 2161 hetae.

1524 2174 1618 2266 1⁸11·
1650 2196 1762 2254 qua
1806 2177 2021 2240 Christi
2096 2182 2262 2240 ucida
2312 2180 2650 2241 vaticinatur

1444 2260 1729 2314 nativitas.

1522 2331 1672 2392 Haec
1695 2333 1834 2392 dicit
1862 2334 2159 2397 Dominus.

1446 2407 1639 2484 Pater,
1668 2413 1861 2486 Filius,
1890 2412 2127 2474 Sanctus
2155 2414 2420 2495 Spiritus,
2450 2416 2509 2473 in
2539 2435 2652 2495 quo

1443 2496 1577 2547 sunt
1597 2491 1788 2549 omnia
1803 2493 2031 2554 condita
2055 2513 2299 2572 superna
2318 2515 2353 2552 a
2420 2516 2490 2554 ue
2518 2495 2649 2554 ima.

1524 2567 1771 2646 Populus
1807 2571 2066 2650 gentium
2105 2573 2202 2651 qui
2241 2576 2412 2632 ambu
2468 2576 2564 2632 bat
2591 2574 2651 2631 in

1441 2646 1696 2704 tenebris

1440 2722 1626 2790 Quem
1676 2725 1911 2788 creasti:
1959 2746 2129 2805 quem
2174 2727 2375 2789 fraude
2418 2727 2651 2787 subdola

1441 2798 1620 2860 hostis
1652 2803 1873 2882 expulit
1897 2806 2189 2883 paradiso:
2219 2817 2280 2868 et
2304 2808 2647 2887 captivatum

1440 2897 1630 2938 secum
1657 2882 1839 2941 traxit
1861 2884 1934 2940 ad
1953 2892 2172 2943 tartara
2191 2907 2208 2956 ;

1524 2959 1694 3018 Vidit
1718 2959 1900 3020 lucem
1926 2982 2188 3040 magnam
2210 2983 2229 3036 3

1442 3034 1749 3098 Fulserunt
1802 3048 1864 3098 et
1921 3039 2192 3099 immania
2248 3048 2413 3101 nocte
2465 3041 2652 3100 media

1440 3117 1756 3195 pastoribus
1781 3115 2013 3180 lumina.

1519 3194 1927 3333 Ηῗίωῃῐίϋυε
1943 3197 2002 3255 ἰη
2017 3196 2248 3277 regione
2262 3199 2482 3257 umbrae
2497 3218 2649 3257 mor-

1439 3272 1549 3337 tis:
1645 3295 1726 3332 ux

1437 3350 1799 3431 Sempiterna
1848 3361 1910 3415 et
1962 3354 2277 3435 redemptio
2331 3376 2464 3415 vere
2519 3375 2644 3416 nos-

1437 3440 1576 3502 tra,⁰

1521 3509 1669 3569 Orta
1693 3519 1780 3569 est
1804 3510 1904 3569 eis.

1443 3589 1497 3648 O
1523 3590 1801 3666 stupenda
1826 3589 2107 3662 nativitas,

1519 3665 1795 3726 Parvulus
1819 3668 1969 3726 enim
2000 3678 2163 3729 natus
2190 3680 2276 3729 est
2302 3668 2479 3741 nobiS,

1438 3745 1689 3823 Magnus
1713 3745 1808 3805 hic
1831 3746 1943 3806 erit
1965 3746 2012 3805 J
2012 3766 2139 3807 esus
2166 3748 2343 3806 Filius
2369 3747 2500 3806 Dei.

1518 3824 1598 3883 Et
1626 3824 1805 3882 Filius

1441 3902 1631 3963 Patris
1654 3904 1879 3972 summi,

1518 3982 1702 4041 Datus
1725 3989 1814 4041 est
1837 3981 2013 4040 nobiS.

1434 4134 1457 4163 0
1495 4123 1882 4180 nova—Grati.
1911 4122 1993 4177 94.
2022 4122 2108 4179 26.

1437 4317 1497 4369 in
1541 4314 1787 4381 excelsis;
1837 4316 2050 4386 quando
2093 4314 2278 4371 Gloria
2321 4316 2384 4369 in
2428 4316 2647 4371 excelsis

1435 4389 1650 4455 dicitur,
1693 4387 1894 4441 dicitur
1932 4393 1982 4442 et
2024 4387 2280 4461 Alleluya
2320 4392 2368 4443 et
2417 4388 2648 4443 Sanctus

1433 4463 1481 4513 et
1507 4457 1952 4529 Agnus—Grau.
