2975 5009
105 261 234 330 -52'5

732 286 1087 335 DOMINICA
1121 286 1302 333 xxu.
1339 284 1510 332 POST
1545 283 2023 332 TRINI'PA'PEM.

2511 270 2639 333 526

397 528 787 602 Dominica
885 530 1230 602 Viae-sima
1313 528 1623 601 secanda
1702 539 1857 621 post
1928 528 2362 602 Tm‘m‘tatem.

181 709 290 768 Ad
317 711 594 770 Missam.
690 712 1000 789 Officium.⁸

186 790 247 847 Si
268 792 605 867 iniquitates
624 792 1024 863 observaveriS,
1047 790 1317 862 Domine3

118 866 378 939 Domine,
401 871 526 947 quis
553 870 889 928 sustinebit?
932 872 1066 948 quia
1080 870 1232 948 apud
1261 879 1319 928 te

116 947 440 1079 propitiatio
469 956 573 1021 est,
604 948 760 1007 Deus
806 947 1004 1007 Israel.

248 1025 514 1082 salmu3.¹²

179 1100 260 1155 De
294 1102 577 1173 profundis
601 1102 832 1157 clamavi
868 1103 936 1157 ad
963 1109 1032 1172 te,
1061 1102 1320 1157 Domine:

117 1170 357 1240 Domine,
386 1175 583 1227 exaudi
608 1191 789 1228 vocem
816 1192 1007 1228 meam.

190 1244 381 1320 Kyrie
410 1246 658 1322 eleyson.

195 1320 419 1380 Oratio·

170 1399 480 1459 Familiam
497 1409 676 1472 tuam,
696 1421 1034 1478 quaesumus,
1055 1401 1324 1472 Domine,
1365 1408 1369 1412 '

112 1480 384 1537 continua
408 1480 625 1557 pietate
652 1481 868 1537 custodi
892 1502 908 1552 3
951 1491 1015 1539 ut
1049 1501 1083 1538 a
1109 1480 1328 1539 cunctis

113 1557 555 1616 adversitatibus
581 1566 639 1615 te
665 1568 1005 1637 protegente
1026 1559 1101 1616 sit
1127 1557 1326 1629 libera,

114 1644 172 1693 et
225 1636 291 1692 in
347 1638 511 1695 bonis
563 1639 782 1695 actibus
836 1650 935 1694 tuo
990 1637 1207 1694 nomini
1253 1638 1329 1694 sit

114 1714 340 1772 devota.
428 1715 541 1773 Per
568 1714 901 1772 Dominum.

192 1792 308 1849 Ad
334 1790 781 1869 Philippenses.0

212 1870 477 1942 FratreS,
534 1870 889 1929 Confidimus
948 1870 1009 1927 in
1078 1870 1330 1928 Domino

114 1947 284 2021 Jesu,
334 1949 486 2017 Quia
529 1950 841 2027 quicoepit
888 1949 946 2006 in
989 1949 1147 2007 vobis
1191 1969 1330 2026 opus

115 2030 352 2100 bonum,
375 2028 636 2106 perficiet
664 2028 917 2105 usquein
941 2026 1095 2085 diem
1117 2027 1331 2087 Christi

114 2104 278 2164 Jesu.
386 2106 544 2164 Sicut
592 2107 745 2164 enim
794 2116 880 2164 est
929 2105 1069 2164 mihi
1109 2108 1330 2185 justum

116 2182 222 2243 hoc
275 2186 492 2243 sentire
547 2203 651 2262 pro
700 2185 960 2242 omnibus
1008 2185 1208 2244 vobis:
1265 2204 1332 2242 eo

115 2264 271 2339 quod
294 2262 534 2321 habeam
558 2282 653 2321 vos
675 2263 734 2319 in
753 2264 918 2321 corde
941 2270 998 2321 et
1019 2264 1078 2320 in
1096 2261 1333 2321 vinculis

116 2343 285 2414 meis,
308 2351 368 2399 et
395 2342 452 2398 iu
475 2341 800 2399 defensione
823 2351 882 2399 et
902 2342 1332 2399 confirmatione

116 2419 422 2499 evangelii,
452 2420 627 2478 socios
653 2419 846 2497 gaudii
874 2422 988 2478 mei
1017 2440 1215 2478 omnes
1236 2439 1334 2476 vos

119 2520 261 2558 esse.
375 2499 563 2556 'Pestis
616 2499 771 2555 enim
821 2498 963 2554 mihi
1018 2508 1104 2557 est
1156 2499 1332 2566 Deus,

119 2577 413 2655 quomodo
462 2575 683 2652 cupiam
733 2594 830 2632 vos
885 2595 1080 2633 omnes
1125 2574 1334 2633 “esse‘'

119 2657 177 2713 in
225 2653 544 2714 visceribus
590 2651 734 2708 Jesu
773 2651 1006 2709 Christi.
1110 2653 1189 2710 Et
1231 2650 1336 2709 hoc

121 2755 236 2807 oro,
265 2742 337 2791 ut
370 2730 575 2787 caritas
601 2736 790 2784 vestra
828 2728 1012 2805 magis
1053 2749 1116 2786 ac
1158 2730 1337 2807 magis

121 2812 380 2871 abundet
419 2808 480 2864 in
523 2805 678 2864 omni
718 2805 956 2865 scientia
982 2815 1041 2864 et
1082 2807 1140 2862 in
1184 2807 1338 2864 omni

121 2910 343 2950 sensu:
402 2895 468 2943 ut
517 2884 770 2963 probetis
816 2886 1056 2962 potiora,
1104 2893 1169 2942 ut
1214 2886 1340 2944 sitis

122 2971 379 3029 sinceres
401 2974 461 3024 et
480 2964 601 3021 sine
619 2962 834 3021 offensa
853 2965 911 3020 in
932 2963 1085 3021 diem
1102 2962 1338 3035 Christi,

122 3045 342 3125 repleti
405 3041 598 3100 fructu
657 3041 900 3120 justitiae
965 3062 1071 3120 per
1136 3042 1179 3100 J
1183 3062 1340 3100 esum

121 3125 446 3193 Christum,
473 3122 535 3178 in
562 3119 806 3198 gloriam
834 3129 893 3180 et
918 3119 1142 3179 laudem
1171 3120 1298 3179 Dei.

214 3200 528 3261 Gradale.⁶

199 3280 346 3333 Ecce
362 3293 529 3347 quam
544 3275 747 3330 bonum
763 3285 820 3330 et
837 3292 999 3346 quam
1012 3275 1339 3347 jocundum:

127 3350 383 3405 habitare
407 3347 598 3401 fratres
626 3346 686 3399 in
712 3365 900 3400 unum.

139 3421 204 3475 V.
281 3418 435 3473 Sicut
470 3425 812 3488 unguentum
850 3417 911 3471 in
946 3416 1122 3488 capite
1153 3437 1165 3471 z
1199 3417 1343 3487 quod

127 3489 413 3546 descendit
436 3489 495 3541 in
519 3489 757 3555 barbam,
785 3489 1008 3544 barbam
1032 3489 1236 3543 Aaron.

214 3560 427 3618 ‘Alius
455 3580 658 3617 versus.

207 3637 496 3692 Mandavit
520 3636 785 3690 Dominus
807 3635 1233 3691 benedictionem
1258 3656 1268 3689 :
1290 3642 1345 3690 et

131 3710 307 3765 vitam
336 3724 504 3776 usque
527 3706 586 3759 in
611 3708 885 3763 saeculum.

218 3780 336 3838 Isti
378 3780 490 3836 duo
547 3778 747 3836 Versus
791 3778 1062 3836 dicuntur
1108 3778 1343 3835 alternis

133 3859 354 3916 vicibus
397 3878 506 3934 per
552 3856 972 3925 hebdomadam,
1022 3857 1230 3932 quoties
1277 3855 1343 3913 de

115 3936 285 4013 jeria
333 3936 543 4011 aqitwr.
627 3935 708 3992 Et
749 3936 803 3992 si
846 3935 1010 3993 nulla
1042 3933 1204 4010 jeria
1245 3954 1345 4011 per

130 4131 168 4231 ἶ
202 4122 288 4204 .P⁸·
315 4120 493 4176 cxxix.
520 4122 698 4193 (cxxx.
728 4120 776 4189 3,
803 4120 880 4191 4.)

138 4273 167 4302 ο
204 4193 384 4335 sspri'.
414 4191 489 4316 k)
513 4261 585 4333 (v.
613 4260 795 4331 6-11.)
959 4333 990 4348 .-

137 4330 1005 4472 :22÷.2e2÷1‡<3322⁸25.411223⁴·
1222 4473 1232 4484 ‚

140 4476 166 4512 f
211 4475 289 4530 ita
315 4474 397 4528 13.
430 4474 513 4527 15.
541 4473 627 4525 26.
705 4473 971 4542 Alleluya.
1011 4472 1077 4525 V.
1124 4471 1230 4538 ραι
1254 4472 1342 4527 &a

1442 3739 1542 3798 ‚tui
1569 3740 1833 3799 misertus
1854 3761 1977 3800 sum
1999 3744 2023 3802 ἓ

1432 711 1581 769 hanc
1626 710 2030 768 hebdomadam
2072 712 2152 769 ad
2197 712 2295 769 hoc
2338 713 2638 783 vacaverit,

1434 798 1566 879 tunc
1598 790 1873 847 secundus
1910 790 2109 848 Versus
2137 791 2365 848 omnino
2405 798 2638 866 praeter-

1433 875 1716 925 mittatur.

1506 943 1781 1016 Alleluya.
1856 943 1916 998 V.
2014 943 2119 1009 Qui
2169 950 2330 999 sanat
2381 943 2644 999 contritos

1433 1013 1591 1068 corde
1617 1034 1628 1067 :
1655 1023 1710 1068 et
1734 1014 1926 1085 alligat
1948 1015 2298 1070 contritiones
2321 1015 2550 1071 eorum.r
2564 1025 2592 1062 Ε

1479 1084 1781 1161 Sequentia
1820 1088 2004 1144 sancti
2040 1087 2351 1163 Evanyelii
2377 1111 2394 1146 :
2434 1087 2641 1149 Secun-

1434 1164 1575 1221 dum
1599 1164 1991 1222 Matthoeum.h

1518 1241 1592 1298 In
1619 1241 1718 1299 illo
1756 1251 2035 1321 tempore,
2065 1243 2232 1303 Dixit
2269 1244 2437 1302 Jesus
2475 1243 2642 1303 disci-

1436 1317 1585 1397 pulis
1610 1320 1724 1376 suis
1751 1320 2076 1397 parabolam
2105 1320 2279 1394 hanc;
2321 1321 2519 1382 Simile
2555 1332 2644 1382 est

1437 1417 1503 1455 re
1583 1416 1680 1454 um
1737 1398 2002 1456 coelorum
2069 1399 2289 1459 homini
2344 1402 2488 1480 regi,
2543 1401 2642 1478 qui

1438 1495 1510 1533 vo
1532 1476 1619 1534 uit
1670 1476 1951 1535 rationem
2018 1496 2231 1554 ponere
2283 1499 2412 1536 cum
2466 1480 2644 1538 servis

1440 1553 1571 1610 suis.
1695 1553 1776 1612 Et
1841 1574 1971 1612 cum
2038 1556 2296 1633 coepisset
2360 1557 2644 1622 rationem

1441 1651 1674 1707 ponere,
1718 1630 1939 1690 oblatus
1981 1640 2069 1690 est
2122 1634 2174 1691 ei
2219 1652 2366 1692 unus
2405 1636 2502 1711 qui
2544 1635 2646 1694 de-

1443 1711 1616 1768 bebat
1651 1709 1703 1768 ei
1739 1710 1934 1768 decem
1964 1709 2145 1769 millia
2181 1711 2416 1771 talenta.
2499 1713 2645 1772 Cum

1440 1797 1634 1847 autem
1689 1807 1806 1845 non
1858 1787 2098 1847 haberet
2154 1789 2307 1849 unde
2358 1792 2645 1863 redderet,

1434 1865 1609 1944 jussit
1637 1886 1767 1925 eum
1794 1866 2052 1924 dominus
2093 1867 2214 1945 ejus
2241 1870 2552 1927 venundari
2590 1878 2652 1929 et

1444 1965 1681 2002 uxorem
1728 1945 1852 2022 ejus
1896 1954 1956 2003 et
1998 1944 2144 2003 filios
2187 1954 2246 2004 et
2292 1948 2484 2004 omnia
2522 1968 2650 2025 quse

1445 2022 1710 2092 habebat,
1741 2032 1800 2081 et
1825 2022 2006 2081 reddi.
2107 2023 2416 2083 Procidens
2456 2036 2649 2085 autem

1444 2121 1640 2159 servus
1666 2101 1781 2172 ille,
1803 2103 2040 2179 rogabat
2065 2122 2192 2160 eum
2221 2103 2412 2162 dicens
2433 2126 2445 2162 ε
2491 2105 2650 2163 Pati-

1446 2180 1663 2238 entiam
1691 2179 1836 2237 habe
1865 2181 1924 2237 in
1952 2200 2063 2251 me,
2093 2189 2153 2240 et
2192 2181 2385 2239 omnia
2411 2183 2650 2242 reddam

1445 2258 1569 2316 tibi.
1674 2257 1949 2317 Misertus
1984 2267 2175 2318 autem
2216 2260 2478 2319 dominus
2505 2264 2653 2322 servi

1446 2334 1595 2391 illius
1621 2335 1836 2394 dimisit
1864 2358 2012 2410 eum,
2044 2346 2103 2396 et
2143 2339 2400 2398 debitum
2434 2340 2654 2399 dimisit

1446 2414 1518 2471 ei.
1576 2413 1849 2491 Egressus
1869 2426 2061 2475 autem
2083 2437 2276 2476 servus
2304 2416 2399 2475 ille
2428 2418 2652 2478 invenit

1446 2510 1623 2547 unum
1651 2492 1723 2550 de
1750 2494 2029 2551 conservis
2056 2495 2169 2552 suis
2196 2496 2290 2573 qui
2332 2496 2572 2556 debebat
2600 2498 2652 2557 ei

1447 2577 1678 2626 centum
1701 2569 1989 2642 denarios3
2032 2579 2091 2629 et
2117 2581 2320 2632 tenens
2341 2575 2654 2635 suffocabat

1449 2665 1600 2714 eum,
1629 2645 1846 2706 dicens:
1892 2648 2092 2707 Redde
2119 2652 2265 2740 quod
2301 2653 2489 2712 debeS.
2572 2655 2653 2714 Et

1449 2722 1743 2799 procidens
1769 2744 2067 2784 conservus
2093 2747 2235 2805 eJuS,
2261 2733 2496 2809 rogabat
2521 2752 2653 2791 eum

1449 2800 1680 2857 dicens:
1745 2802 2088 2861 Patientiam
2136 2806 2280 2865 habe
2328 2810 2387 2864 in
2437 2830 2550 2880 me,
2593 2818 2654 2871 et

1452 2877 1644 2934 omnia
1664 2878 1898 2936 reddam
1920 2881 2042 2939 tibi.
2100 2882 2209 2943 Ille
2229 2894 2420 2944 autem
2442 2887 2648 2948 noluit:

1452 2955 1552 3014 sed
1592 2955 1751 3027 abiit,
1792 2966 1852 3015 et
1883 2959 2040 3018 misit
2080 2981 2210 3020 eum
2250 2963 2308 3020 in
2349 2984 2650 3039 carcerem,

1452 3034 1632 3091 donec
1683 3034 1953 3093 redderet
2003 3038 2278 3098 debitum.
2369 3042 2652 3104 Videntes

1453 3120 1643 3170 autem
1672 3115 1923 3171 conservi
1951 3114 2071 3190 ejus
2107 3136 2233 3193 quae
2260 3119 2492 3194 fiebant,
2520 3142 2652 3182 con·

1456 3190 1670 3250 tristati
1715 3200 1850 3250 sunt
1892 3191 2053 3251 valde
2082 3215 2095 3252 τ
2147 3203 2206 3253 et
2249 3208 2549 3273 venerunt,
2591 3212 2653 3261 et

1456 3277 1833 3328 narraverunt
1877 3270 2110 3328 domino
2154 3292 2253 3331 suo
2300 3279 2489 3334 omnia
2522 3297 2651 3355 quae

1453 3347 1603 3406 facta
1626 3347 1867 3407 fuerant.
1935 3349 2096 3408 'Punc
2123 3354 2339 3410 vocavit
2363 3353 2523 3411 illum
2551 3358 2650 3417 do-

1456 3426 1643 3484 minus
1668 3446 1800 3485 suus
1827 3435 1887 3487 et
1911 3428 1994 3486 ait
2019 3427 2130 3489 illi:
2173 3430 2348 3489 Serve
2387 3451 2649 3509 nequam,

1455 3523 1626 3564 omne
1684 3506 1939 3565 debitum
1992 3507 2179 3566 dimisi
2233 3509 2337 3567 tibi
2385 3513 2650 3586 quoniam

1454 3584 1666 3662 rogasti
1712 3605 1839 3643 me:
1889 3605 2077 3644 nonne
2120 3607 2257 3665 ergo
2299 3590 2552 3665 oportuit
2592 3599 2652 3650 et

1456 3668 1517 3719 te
1559 3662 1815 3721 misereri
1853 3662 2105 3722 conservi
2140 3668 2242 3735 tui,
2270 3665 2413 3724 sicut
2447 3677 2505 3726 et
2547 3689 2652 3748 ego

2095 3743 2174 3802 Et
2200 3744 2374 3803 iratus
2390 3745 2652 3806 dominus

1455 3818 1576 3895 ejus
1602 3819 1840 3878 tradidit
1865 3840 1994 3879 eum
2012 3822 2350 3894 -tortoribuS,
2377 3826 2652 3901 quoadus-

1455 3913 1564 3971 que
1581 3896 1850 3957 redderet
1868 3900 2191 3958 universum
2213 3901 2486 3960 debitum.
2558 3904 2654 3964 Sic

1457 3983 1517 4032 et
1571 3973 1745 4033 Pater
1791 3996 1948 4035 meus
1988 3977 2227 4037 coelestis
2264 3978 2430 4040 faciet
2475 3984 2653 4057 vobis,

1458 4119 1623 4173 Alius
1657 4121 1724 4176 V.
1797 4123 2080 4179 Mandavit
2101 4126 2189 4181 &a
2235 4126 2335 4182 Isti
2360 4128 2468 4183 duo
2492 4128 2658 4184 «bc.—

1458 4192 1545 4245 92.
1573 4191 1658 4245 98.
1681 4192 1841 4247 Alius
1863 4195 2074 4250 Versus.
2101 4198 2382 4253 Mandavit
2398 4199 2486 4253 &a
2514 4202 2657 4255 Alle-

1457 4263 1605 4386 &ligi
1631 4262 1698 4317 V.
1757 4265 1863 4329 Qui
1885 4265 1974 4319 «bc.
2034 4265 2136 4321 Isti
2160 4268 2267 4323 duo
2291 4268 2539 4326 eze-94.
2567 4271 2654 4327 97.

1460 4412 1487 4450 8
1525 4402 1611 4458 Ps.
1638 4403 1796 4459 cxlvi.
1824 4405 2023 4476 (cxlvii.
2051 4406 2126 4480 3.)

1460 4474 1489 4511 ¹²
1527 4491 1640 4545 cap.
1667 4476 1817 4532 xviii.
1845 4477 1902 4532 C.
1930 4478 2001 4548 (V.
2026 4478 2247 4552 23-35.)
