2975 5009
136 250 265 314 489
394 263 561 312 nom.
595 263 666 311 x.
698 261 870 313 Pos'r
905 260 1101 308 ram.

213 422 330 480 Ad
361 419 732 480 Corinthios.⁸

219 501 489 570 Fratres,
510 497 678 557 Scitis
704 495 971 575 quoniam
997 514 1125 552 cum
1153 501 1355 572 gentes

144 580 363 651 essetis,
384 578 460 636 ad
481 576 779 638 simulacra
805 582 966 632 muta
990 581 1161 651 prout
1186 573 1357 630 duce-

142 657 362 716 bamini
418 664 638 715 euntes.
749 653 891 711 Ideo
948 662 1149 709 notum
1204 650 1359 709 vobis

144 735 305 808 facio,
350 735 507 812 quod
541 752 711 793 nemo
755 733 814 788 in
859 729 1086 809 Spiritu
1127 729 1238 788 Dei
1277 728 1359 786 lo-

145 834 343 894 quens,
365 813 508 871 dicit
527 810 838 869 anathema
863 809 905 867 J
906 829 1021 867 esu.
1093 808 1171 866 Et
1191 826 1360 866 nemo

214 900 333 952 test
366 892 557 949 dicere
599 888 881 948 Dominus
919 886 1109 957 JesuS,
1151 886 1259 945 nisi
1300 887 1360 942 in

145 914 377 1052 ¹§piritu
407 969 630 1027 SanctO.
688 967 1004 1025 Divisiones
1027 984 1160 1023 vero
1185 964 1360 1042 grati-

149 1071 313 1113 arum
358 1057 512 1118 sunt,
545 1047 703 1105 idem
741 1053 933 1103 autem
975 1043 1260 1122 Spiritus:
1303 1050 1363 1100 et

149 1128 455 1186 divisiones
496 1125 980 1183 ministrationum
1018 1129 1171 1192 sunt,
1207 1121 1362 1178 idem

151 1216 345 1265 autem
371 1203 679 1263 Dominus:
722 1212 781 1260 et
801 1200 1099 1259 divisiones
1121 1200 1364 1277 operati·

154 1305 328 1344 onum
358 1291 512 1353 sunt,
541 1282 693 1339 idem
722 1299 856 1339 vero
897 1280 1071 1349 Deu8‚
1100 1279 1197 1356 qui
1232 1298 1366 1355 ope·

155 1372 317 1422 ratur
362 1360 554 1419 omnia
577 1360 640 1418 in
668 1359 945 1417 omnibus.
1045 1355 1368 1433 Unicuique

155 1450 352 1500 autem
394 1441 564 1498 datur
605 1435 985 1495 manifestatio
1022 1435 1269 1513 Spiritus
1296 1435 1370 1492 ad

156 1519 487 1579 utilitatem.
569 1515 688 1573 Alii
703 1515 935 1594 quidem
958 1535 1063 1593 per
1086 1513 1367 1591 Spiritum

158 1600 330 1657 datur
358 1614 548 1655 sermo
567 1595 890 1673 sapientiae3
919 1594 1014 1651 alii
1041 1599 1230 1650 autem
1254 1611 1372 1649 ser—

162 1697 256 1736 mo
283 1673 542 1734 scientiae
583 1673 889 1731 secundum
918 1671 1161 1731 eundem
1190 1669 1372 1749 Spiri-

159 1767 327 1814 tum:
385 1752 554 1811 alteri
594 1750 738 1810 fides
778 1750 837 1807 in
870 1750 1070 1809 eodem
1113 1748 1369 1828 Spiritu:

161 1834 260 1893 alii
302 1832 490 1911 gratia
529 1830 836 1889 sanitatum
878 1830 938 1886 in
968 1848 1081 1886 uno
1122 1825 1373 1906 Spiritu:

162 1912 260 1971 alii
303 1908 560 1988 operatio
595 1908 891 1979 virtutum,
919 1907 1014 1964 alii
1097 1905 1374 1985 rophetia,

165 1991 266 2050 alii
320 1987 589 2047 discretio
642 1986 961 2067 spirituum,
1017 1927 1113 2042 aiii
1164 2003 1379 2063 genera

166 2070 515 2148 linguarum,
561 2064 655 2122 alii
711 2063 1110 2142 interpretatio
1162 2082 1376 2121 sermo-

169 2167 331 2206 num.
433 2144 583 2202 Haec
627 2153 822 2203 autem
878 2143 1069 2201 omnia
1110 2151 1379 2221 operatur

170 2245 319 2284 unus
371 2231 544 2299 atque
595 2222 748 2280 idem
805 2219 1071 2300 Spiritus,
1120 2220 1379 2278 dividens

171 2305 257 2364 sin
340 2302 411 2360 lis
438 2309 610 2379 prout
636 2298 777 2358 vult.

253 2324 561 2440 &walah

233 2458 460 2513 Custodi
477 2473 578 2524 me,
597 2453 841 2524 Domine,
858 2461 923 2508 ut
936 2453 1199 2527 pupillam
1219 2452 1382 2508 oculi:

172 2532 274 2586 sub
298 2529 494 2582 umbra
515 2528 723 2581 alarum
748 2533 967 2580 tuarum
991 2531 1207 2597 protege
1231 2541 1332 2578 me.

188 2604 248 2656 V.
325 2600 407 2653 De
431 2597 588 2653 vultu
625 2602 720 2651 tuo
747 2597 1015 2667 judicium
1048 2614 1229 2650 meum
1266 2613 1382 2667 pro-

179 2674 305 2728 deat
334 2690 346 2723 ε
372 2668 514 2724 oculi
539 2668 621 2722 tui
645 2668 865 2723 videant
888 2668 1219 2737 aequitatem.

252 2741 530 2811 Alleluya.
581 2739 640 2792 V.
731 2739 960 2793 Domine
1008 2739 1153 2792 Deus
1199 2735 1391 2792 salutis

182 2830 318 2867 meae
345 2831 357 2865 ε
385 2811 446 2863 in
469 2809 558 2863 die
580 2809 807 2864 clamavi
833 2816 888 2863 et
913 2815 1068 2864 nocte
1091 2826 1268 2863 coram
1294 2814 1363 2862 te.

267 2882 590 2943 Secundum
614 2881 883 2939 Lucam.⁶

262 2963 341 3020 In
386 2960 486 3018 illo
531 2970 804 3038 tempore,
846 2959 989 3019 Cum
1033 2958 1062 2997 ‘¹
1082 2957 1392 3038 appropin-

184 3047 414 3121 quasset
446 3044 473 3082 (ἱ
526 3038 695 3097 Jesus
750 3037 1135 3109 Hierusalem,
1190 3037 1391 3095 videns

183 3121 478 3179 civitatem
517 3116 678 3176 flevit
724 3136 895 3196 super
941 3115 1117 3187 illam,
1160 3115 1391 3187 dicens;

229 3199 323 3256 uia
350 3196 397 3255 si
424 3196 773 3274 cognovisses
801 3202 860 3254 et
886 3203 971 3265 tu,
993 3203 1052 3253 et
1078 3195 1306 3272 quidem
1334 3195 1394 3251 in

187 3220 296 3335 {ac
322 3275 418 3334 die
446 3282 564 3346 tua,
591 3293 720 3351 quse
746 3274 819 3331 ad
845 3293 1040 3352 pacem
1068 3274 1174 3331 tibi
1198 3294 1214 3344 ;
1245 3292 1396 3330 nunc

188 3359 385 3415 autem
426 3352 752 3411 abscondita
789 3360 924 3410 sunt
961 3353 1031 3410 ab
1069 3351 1239 3409 oculis
1265 3351 1395 3409 tuis·

195 3434 351 3502 Quia
389 3452 516 3490 ecce
544 3430 777 3490 venient
817 3431 940 3487 dies
980 3430 1040 3486 in
1080 3438 1160 3501 te,
1190 3438 1250 3488 et
1290 3431 1397 3488 cir·

193 3512 545 3571 cumdabunt
597 3520 657 3567 te
710 3509 928 3566 inimici
981 3508 1066 3566 tui
1120 3507 1286 3580 vall0,
1341 3517 1402 3568 et

193 3589 629 3649 circumdabunt
660 3594 740 3661 te,
769 3596 830 3646 et
868 3589 1317 3664 coangustabunt
1341 3596 1402 3645 te

196 3670 470 3746 undique,
498 3674 559 3725 et
584 3665 656 3723 ad
692 3674 907 3725 terram
948 3673 1316 3743 prosternent
1342 3674 1401 3724 te

197 3759 257 3807 et
284 3746 435 3804 filios
461 3753 589 3802 tuos
616 3743 713 3820 qui
740 3745 801 3801 in
828 3752 888 3802 te
916 3752 1067 3814 sunt,
1090 3752 1149 3803 et
1175 3765 1289 3801 non
1313 3764 1403 3802 re-

198 3826 463 3903 linquent
489 3823 548 3879 in
578 3831 637 3881 te
662 3821 904 3900 lapidem
926 3842 1094 3900 super
1118 3821 1362 3901 lapidem
1386 3845 1401 3882 ε

200 3925 268 3963 eo
308 3903 462 3981 quod
503 3921 617 3959 non
659 3903 985 3979 cognoveris
1024 3909 1249 3979 tempus
1276 3902 1404 3958 visi-

198 3982 433 4041 tationis
452 3988 587 4038 tuae.
636 3978 716 4037 Et
733 3981 1015 4057 ingressus
1031 3980 1091 4036 in
1111 3978 1405 4058 templum,

202 4060 374 4139 coepit
390 4059 595 4135 ejicere
614 4057 925 4117 vendentes
943 4059 1001 4115 in
1019 4058 1116 4115 illo
1133 4067 1193 4117 et
1213 4079 1409 4117 emen-

203 4150 310 4210 tes,
355 4137 550 4195 dicens
587 4135 734 4207 illis3
791 4137 1081 4216 Scriptum
1129 4146 1233 4209 est,
1275 4136 1409 4215 quia.

204 4296 233 4324 ⁸
272 4286 295 4338 1
326 4285 396 4340 ad
422 4283 540 4337 Gor.
567 4300 680 4354 cap.
709 4283 801 4337 xii.
833 4286 899 4337 A.
930 4286 1000 4356 (v.
1028 4284 1211 4355 2-11.)

203 4358 233 4394 b
270 4358 356 4411 Ps.
374 4355 482 4409 xvi.
502 4354 652 4425 (xvii.
664 4353 712 4422 8,
724 4354 800 4426 2.)
817 4354 1037 4410 lxxxvii.
1057 4355 1321 4425 (lxxxviii.
1343 4357 1415 4428 1.)

208 4439 232 4466 c
269 4445 382 4499 cap.
412 4425 522 4479 xix.
550 4424 612 4478 B.
641 4424 712 4494 (v.
740 4424 960 4494 41-47.)

205 4500 234 4536 ‘¹
269 4496 904 4570 appropinquaret—92.
934 4497 1017 4550 98.
1045 4496 1142 4550 4L.
1172 4497 1255 4551 57.

1446 257 1615 305 ΗΕΒ.
1645 254 1818 304 ros-1¹
1846 252 2020 302 non.
2042 255 2109 301 x.
2139 253 2311 302 Pos'r
2334 236 2680 302 rn1n.490

1469 413 1673 471 domus
1696 431 1825 469 mea
1847 411 2050 468 domus
2071 409 2341 468 orationis
2368 418 2473 468 est.
2561 408 2683 466 Vos

1469 498 1663 549 autem
1703 488 1910 548 fecistis
1950 488 2108 546 illam
2148 487 2473 565 speluncam
2510 485 2682 545 latro-

1473 589 1631 628 num.
1739 568 1821 627 Et
1874 575 2002 628 erat
2055 568 2266 626 docens
2317 565 2574 644 quotidie
2622 565 2684 623 in

1472 646 1709 725 templo,

1556 723 1968 800 Offertoriumfl

1547 803 1639 855 Ad
1664 809 1732 869 te,
1755 800 1999 868 Domine,
2020 799 2195 854 levavi
2220 798 2463 853 animam
2490 814 2683 866 meam,

1478 873 1624 926 Deus
1648 889 1799 926 meus
1821 871 1883 924 in
1914 877 1969 925 te
1993 870 2216 938 confido,
2246 887 2356 924 non
2380 870 2689 923 erubescam

1478 959 1653 1025 neque
1676 942 1939 996 irrideant
1975 958 2061 995 me
2090 939 2299 994 inimici
2337 940 2458 1010 mei,
2487 938 2688 993 etenim

1478 1014 1716 1138 gmversi
1752 1013 1848 1082 qui
1888 1025 1940 1066 te
1964 1018 2279 1082 exspectant.
2313 1028 2426 1065 non
2463 1010 2689 1065 confun-

1518 1091 1694 1138 entur.

1564 1154 1803 1214 Secreta.

1560 1233 1819 1293 Concede
1848 1233 2011 1291 nobis
2038 1232 2181 1302 haec,
2203 1251 2543 1309 quaesumus,
2574 1232 2691 1288 Do-

1483 1312 1655 1384 mine,
1673 1313 1845 1391 digne
1860 1310 2220 1388 frequentare
2238 1311 2535 1386 mysteria3
2558 1310 2694 1388 quia

1484 1391 1703 1468 quoties
1759 1390 1927 1466 hujus
1974 1389 2177 1447 hostiae
2230 1387 2692 1447 commemoratio

1485 1467 1822 1539 celebratur,
1854 1487 1991 1602 opus
2032 1474 2244 1525 nostrae
2284 1467 2694 1544 redemptionis

1486 1554 1805 1607 exercetur.
1919 1545 2003 1604 ‘er
2032 1545 2364 1602 Dominum.

1571 1623 1953 1683 Comminatio!

1560 1700 1882 1772 Acceptabis
1899 1697 2215 1754 sacrificium
2229 1698 2479 1769 justitiae,
2502 1697 2692 1752 oblati·

1489 1779 1713 1898 &ms-⁰⁸
1750 1771 2061 1826 holocausta
2087 1789 2098 1822 :
2122 1786 2284 1841 super
2319 1769 2491 1824 altare
2532 1775 2694 1823 tuum

1543 1860 1736 1898 0111an-

1570 1913 2042 1973 Postcommumb.

1572 1993 1680 2051 Tui
1699 1992 1876 2064 nobis,
1893 1990 2159 2061 Domine,
2178 1989 2498 2048 communio
2513 2008 2694 2047 sacra-

1494 2072 1677 2132 menti
1723 2079 1784 2130 et
1835 2069 2288 2149 purificationem
2336 2067 2586 2127 conferat
2639 2077 2699 2126 et

1494 2152 1712 2210 tribuat
1738 2149 2038 2208 unitatem.
2121 2148 2235 2208 Per
2264 2148 2594 2205 Dominum.

1599 2395 1814 2467 Feria
1862 2406 2142 2490 quarta.

1581 2492 1678 2551 Ad
1706 2491 2073 2552 Corinthios!

1580 2570 1835 2641 FratreS,
1879 2569 1941 2628 N
1946 2590 2018 2627 on
2066 2569 2251 2627 omnis
2304 2590 2453 2643 caro,
2501 2572 2697 2630 eadem

1500 2669 1661 2708 caro:
1691 2649 1790 2708 sed
1809 2646 1919 2706 alia
1942 2647 2256 2720 hominum,
2277 2648 2388 2706 alia
2412 2669 2700 2727 pecorum,

1500 2727 1611 2785 alia
1664 2725 1971 2796 volucrum,
2025 2725 2136 2783 alia
2186 2734 2377 2784 autem
2440 2727 2698 2806 piscium.

1506 2807 1583 2864 Et
1635 2823 1873 2883 corpora
1910 2803 2159 2862 coelestia
2200 2812 2260 2862 et
2300 2823 2535 2882 corpora
2584 2814 2703 2864 ter-

1506 2884 1741 2954 restria3
1810 2882 1909 2940 sed
1963 2882 2074 2939 alia
2120 2881 2348 2959 quidem
2395 2883 2704 2941 coelestium

1505 2962 1703 3040 gloria,
1744 2960 1856 3018 alia
1898 2970 2092 3019 autem
2131 2961 2488 3019 terrestrium
2521 2985 2535 3021 :
2596 2961 2708 3019 alia

1507 3040 1732 3099 claritas
1759 3038 1908 3110 solis,
1937 3038 2046 3096 alia
2071 3039 2295 3097 claritas
2320 3037 2489 3112 lunae,
2513 3049 2573 3099 ct
2600 3040 2710 3098 alia

1509 3119 1732 3177 claritas
1798 3118 2088 3176 stellarum
2120 3140 2134 3178 :
2205 3115 2370 3175 stella
2433 3129 2626 3178 autem
2675 3140 2711 3176 a

1510 3197 1675 3257 stella
1705 3196 1903 3256 differt
1938 3197 1998 3253 in
2027 3194 2300 3254 claritate.
2401 3196 2494 3256 Sic
2535 3204 2594 3256 et
2622 3216 2710 3254 re-

1512 3277 1787 3335 surrectio
1823 3285 2194 3332 mortuorum.
2288 3274 2616 3334 Seminatur
2649 3276 2710 3332 in

1513 3354 1891 3434 corruptione,
1928 3362 2125 3430 surget
2160 3354 2220 3410 in
2268 3352 2711 3430 incorruptione.

1514 3431 1842 3492 Seminatur
1884 3435 1944 3490 in
1997 3430 2368 3511 ignobilitate,
2414 3439 2607 3510 surget
2651 3432 2713 3489 in

1514 3511 1713 3592 gloria.
1776 3511 2101 3572 Seminatur
2127 3511 2187 3568 in
2214 3510 2572 3582 infirmitate,
2594 3529 2716 3569 sur-

1515 3598 1616 3670 get
1681 3591 1742 3648 in
1796 3591 2026 3649 virtute.
2124 3589 2453 3649 Seminatur
2517 3609 2718 3668 corpus

1516 3667 1777 3741 animale,
1806 3677 2002 3747 surget
2040 3688 2240 3746 corpus
2281 3666 2553 3748 spiritale.
2655 3669 2717 3729 Si

1519 3755 1606 3808 est
1648 3766 1851 3825 corpus
1888 3745 2151 3819 animale,
2196 3755 2280 3805 est
2329 3757 2389 3806 et
2425 3746 2715 3825 spiritale3

1520 3827 1663 3884 sicut
1701 3827 1809 3884 scri
1853 3834 1975 3883 tum
2003 3833 2109 3896 est,
2152 3825 2357 3884 Factus
2384 3837 2471 3885 est
2502 3827 2719 3905 primus

1520 3903 1691 3962 homo
1752 3904 1808 3960 A
1849 3923 1943 3960 am
1996 3904 2055 3959 in
2115 3905 2360 3961 animam
2414 3904 2718 3977 viventem,

1522 3980 1852 4040 novissimus
1894 3980 2086 4038 Adam
2127 3981 2189 4037 in
2229 3982 2489 4059 spiritum
2536 3983 2720 4041 vivifi-

1521 4067 1763 4117 cantem.
1845 4057 1960 4117 Sed
1982 4078 2094 4116 non
2122 4058 2278 4137 prius
2297 4061 2448 4138 quod
2466 4060 2719 4138 spiritale

1523 4145 1627 4209 est,
1665 4136 1763 4194 sed
1809 4136 1959 4213 quod
1998 4135 2277 4195 animale:
2326 4137 2532 4197 deinde
2570 4141 2722 4217 quod

1526 4293 1549 4321 θ»
1587 4283 1673 4337 Ps.
1701 4282 1843 4335 xxiv.
1898 4299 2017 4336 xxv.
2050 4282 2096 4351 1,
2124 4281 2174 4351 2,
2204 4282 2278 4350 3.)

1528 4356 1547 4393 f
1590 4355 1678 4409 ΡΒ.
1705 4354 1741 4407 l.
1769 4352 1848 4423 (li.
1913 4352 1987 4423 9.)

1529 4435 1555 4475 s
1596 4426 1622 4479 1
1651 4425 1720 4480 ad
1744 4424 1860 4478 Gor.
1888 4441 2001 4496 cap.
2027 4440 2112 4477 xv.
2141 4422 2200 4477 E.
2230 4423 2300 4495 (v.
2331 4421 2546 4492 39-46.)
