2975 5009
118 264 252 330 481
291 280 456 328 ΗΕΒ.
483 277 658 328 Posi*
682 275 900 326 D.V11.
929 274 1105 325 Posi·
1133 276 1331 325 mam.

116 436 237 505 tibi,
266 436 400 506 quia
423 452 532 488 non
560 439 643 488 est
677 432 916 488 confusio
945 431 1338 487 confidentibus

120 509 181 561 in
207 514 280 577 te,
308 506 557 560 Domine.

207 577 454 636 Secreta.

204 657 556 735 Propitiare,
603 651 872 725 Domine,
917 650 1339 731 supplicationi-

126 737 228 794 bus
274 735 501 805 nostris‚
544 741 604 791 et
643 732 746 790 has
788 732 1100 791 oblationes
1142 729 1339 810 populi

126 814 209 873 tui
253 813 535 891 benignus
560 831 801 882 assume,
831 819 890 869 et
928 818 996 868 ut
1030 808 1238 867 nullius
1265 809 1342 868 sit

126 892 362 951 irritum
396 901 614 962 votum,
648 888 857 947 nullius
892 906 1066 946 vacua
1137 886 1343 946 ostula-

127 970 226 1042 tio,
257 978 491 1049 praesta,
518 987 859 1047 quaesumus,
885 975 952 1025 ut
978 987 1053 1044 qu
1155 965 1342 1025 fideli-

126 1058 216 1108 ter
258 1050 530 1127 petimus,
573 1046 876 1106 efficaciter
913 1064 1336 1122 consequamur.

130 1127 245 1186 Per
277 1126 614 1185 Dominum.

213 1204 607 1263 Communi0.⁸

193 1283 420 1337 Inolina
436 1297 623 1336 aurem
639 1284 793 1334 tuam
815 1298 827 1332 ε
851 1277 1087 1334 accelera
1102 1282 1169 1332 ut
1184 1292 1341 1332 eruas

132 1371 234 1408 me.

206 1422 690 1483 Postcommunio.

210 1501 474 1581 Repleti,
520 1500 785 1571 Domine,
830 1498 1162 1558 muneribus
1208 1498 1341 1570 tuiS,

23 1637 24 1640 ,
132 1582 343 1654 tribue,
374 1597 720 1658 quaesumuS,
751 1586 818 1636 ut
851 1586 911 1637 et
946 1597 1142 1636 eorum
1178 1596 1344 1634 mun-

134 1663 341 1721 demur
387 1658 595 1718 effectu
636 1666 696 1717 et
741 1657 1068 1715 muniamur
1111 1653 1344 1714 auxilio·

136 1739 255 1800 Per
281 1738 613 1797 Dominum.

240 1897 461 1970 Feria
510 1906 791 1989 quarta.

216 1995 322 2054 Ad
349 1991 682 2052 Romanos.¹‘

236 2074 498 2143 Fratres,
544 2069 714 2128 Nihil
767 2088 918 2127 nunc
969 2068 1350 2128 damnationis

142 2161 229 2213 est
260 2151 352 2211 his
390 2152 487 2228 qui
524 2157 661 2208 sunt
697 2149 759 2206 in
797 2146 1028 2208 Christo
1065 2147 1227 2220 Jesu,
1254 2148 1350 2225 qui

143 2252 257 2291 non
277 2230 588 2291 secundum
605 2246 834 2286 carnem
854 2225 1169 2285 ambulant.
1223 2226 1354 2285 Lex

145 2311 301 2369 enim
345 2307 581 2386 spiritus
630 2308 763 2364 vitae
812 2306 872 2363 in
924 2306 1154 2366 Christo
1205 2305 1249 2364 J
1251 2325 1349 2363 esu

145 2388 411 2448 liberavit
439 2406 532 2444 me
559 2406 593 2442 a
631 2384 757 2464 lege
788 2384 1011 2520 peccati
1037 2392 1096 2443 et
1132 2384 1353 2442 mortis.

146 2466 209 2525 N
210 2487 305 2525 am
326 2464 475 2542 quod
500 2463 787 2542 impossibi
811 2481 842 2521 e
863 2472 986 2531 erat
1000 2461 1133 2541 legi,
1154 2465 1216 2520 in
1244 2482 1356 2540 quo

148 2546 550 2605 infirmabatur
568 2561 672 2620 per
689 2562 942 2601 carnem:
966 2540 1127 2601 Deus
1147 2540 1357 2599 Filium

149 2643 313 2683 suum
342 2622 581 2680 mittens
623 2620 685 2677 in
710 2619 1142 2680 similitudinem
1172 2619 1358 2678 carnis

150 2702 401 2781 peccati3
444 2708 504 2759 et
530 2700 604 2758 de
644 2707 871 2777 peccato
897 2698 1191 2758 damnavit
1227 2718 1358 2777 pec-

151 2789 338 2840 catum
359 2780 420 2837 in
441 2797 631 2851 carne,
652 2786 717 2836 ut
734 2778 1069 2856 justificatio
1087 2776 1230 2856 legis
1248 2777 1357 2835 im-

1619 274 1792 324 DOM.
1829 275 1986 324 vm.
2023 274 2191 324 Posi·
2227 274 2422 323 rrum.
2534 257 2666 320 482

1449 431 1707 509 pleretur
1746 432 1806 489 in
1849 433 2027 504 nobis,
2068 431 2164 510 qui
2206 450 2319 490 non
2351 429 2658 490 secundum

1449 529 1679 567 carnem
1752 509 2105 569 ambulamus
2178 510 2280 568 sed
2349 507 2657 568 secundum

1450 588 1740 667 spiritum.
1797 589 1908 656 Qui
1927 589 2077 647 enim
2098 587 2407 647 secundum
2427 604 2656 643 carnem

1452 674 1604 738 sunt,
1648 687 1777 746 quae
1819 668 2004 725 carnis
2050 673 2184 725 sunt
2228 665 2495 744 sapiunt:
2558 663 2656 740 qui

1453 764 1591 804 vero
1644 746 1950 804 secundum
2002 745 2268 824 spiritum
2320 751 2474 813 sunt,
2526 760 2654 819 quae

1452 831 1586 880 sunt
1601 823 1833 903 spirit-us
1848 824 2121 883 sentiunt.
2175 822 2330 881 Nam
2352 819 2661 914 prudentia

1453 901 1657 973 carnis,
1707 922 1861 960 mors
1913 910 2041 962 est:
2103 902 2410 980 prudentia
2460 908 2653 958 autem

1452 1000 1479 1037 s
1521 979 1703 1052 iritus‚
1732 980 1848 1038 vita
1873 987 1933 1040 et
1957 1000 2089 1059 pax.
2163 980 2237 1038 In
2262 978 2491 1040 Christo
2514 976 2558 1036 J
2559 996 2660 1036 esu

1516 1059 1706 1116 omino
1737 1068 1949 1117 nostro.

1537 1134 1920 1213 Evanqelium
1946 1160 1963 1195 .·
2027 1135 2348 1196 Secundum
2385 1132 2657 1193 Matthae-

1451 1224 1599 1272 um.⁰
2513 1260 2519 1266 .

1531 1291 1606 1349 In
1650 1291 1749 1352 illo
1790 1299 2070 1372 tempore,
2113 1291 2283 1351 Abiit
2324 1291 2495 1351 Jesus
2530 1291 2657 1349 sab-

1453 1371 1588 1429 bato
1644 1391 1748 1449 per
1790 1380 1947 1431 sata:
1993 1370 2252 1480 discifuli
2295 1379 2488 1429 autem
2535 1369 2657 1446 ejus

1455 1448 1787 1520 esurientes,
1808 1458 2103 1528 coeperunt
2164 1448 2442 1509 evellere‘l
2461 1448 2660 1526 spicas,

1457 1534 1519 1586 et
1558 1528 1914 1586 manducare.
2015 1527 2292 1588 Pharisaei
2338 1533 2529 1584 autem
2576 1524 2663 1583 vi·

1459 1605 1662 1664 dentes
1687 1605 1959 1665 dixerunt
1984 1606 2074 1678 ei;
2116 1605 2260 1664 Ecce
2291 1601 2552 1683 discipuli
2577 1602 2663 1662 tui

1462 1683 1677 1742 iaciunt
1727 1684 1877 1762 quod
1921 1704 2035 1742 non
2090 1683 2222 1742 licet
2266 1689 2289 1715 ⁹
2308 1682 2390 1741 eis
2410 1688 2432 1714 ⁹
2477 1679 2668 1741 facere

1459 1762 1722 1821 sabbatis·
1829 1762 1913 1820 At
1972 1760 2069 1821 ille
2121 1761 2273 1819 dixit
2326 1760 2452 1832 eis;
2519 1758 2584 1817 N
2587 1779 2661 1817 on

1461 1839 1678 1918 legistis
1727 1839 1867 1919 quid
1920 1839 2119 1900 fecerit
2180 1838 2382 1910 David,
2436 1837 2664 1916 quando

1460 1918 1679 1989 esuriit,
1697 1926 1756 1977 et
1769 1919 1868 1997 qui
1885 1938 2013 1976 cum
2035 1917 2134 1976 illo
2151 1925 2340 1977 erant:
2380 1916 2663 1995 quomodo

1460 1996 1698 2056 intravit
1724 1997 1783 2054 in
1811 1997 2043 2055 domum
2072 1996 2203 2069 Dei,
2233 2003 2292 2056 et
2327 2014 2503 2074 panes
2531 2013 2662 2073 pro-

1461 2075 1757 2153 positionis
1782 2075 2045 2148 comedit,
2073 2094 2211 2152 quos
2238 2094 2353 2133 non
2380 2073 2586 2132 licebat
2610 2072 2664 2131 ei

1464 2153 1656 2225 edere,
1699 2174 1883 2232 neque
1929 2152 2019 2212 his
2061 2153 2160 2232 qui
2199 2172 2328 2211 cum
2371 2171 2439 2211 eo
2480 2157 2665 2222 erant,

1465 2231 1577 2289 nisi
1629 2232 1760 2290 solis
1812 2233 2193 2291 sacerdotibus
2228 2234 2254 2291 ἓ
2362 2231 2493 2289 Aut
2549 2248 2665 2288 non

1466 2310 1682 2388 legistis
1702 2311 1762 2368 in
1788 2308 1915 2390 lege
1935 2311 2069 2389 quia
2088 2310 2331 2370 sabbatis
2350 2309 2667 2369 sacerdotes

1466 2388 1528 2444 in
1576 2387 1789 2467 templo
1829 2390 2125 2449 sabbatum
2168 2387 2402 2461 violant,
2444 2395 2504 2446 et
2543 2387 2670 2446 sine

1468 2467 1708 2525 crimine
1762 2469 1948 2526 sunt?
2057 2467 2199 2526 Dico
2251 2477 2443 2528 autem
2495 2465 2669 2537 vobis,

1468 2544 1602 2622 quia
1625 2544 1842 2623 templo
1869 2546 2049 2623 major
2075 2554 2163 2604 est
2188 2545 2298 2604 hic.
2385 2544 2449 2602 Si
2476 2553 2667 2602 autem

1469 2622 1706 2695 sciretis,
1726 2624 1864 2701 quid
1892 2632 2011 2682 est:
2055 2623 2504 2683 Misericordiam
2525 2620 2670 2696 volo,

1470 2710 1532 2760 et
1583 2721 1698 2758 non
1750 2701 2124 2761 sacrificium:
2193 2721 2483 2780 nunquam
2537 2719 2670 2760 con-

1470 2779 1843 2839 demnassetis
1868 2780 2214 2840 innocentes.

662 3028 1047 3104 Dominioa
1119 3028 1383 3104 Octava
1436 3043 1600 3127 post
1671 3033 2105 3105 Tainitatem.

233 3215 342 3274 Ad
369 3214 640 3273 Missam.
724 3211 1026 3290 Officium!

260 3293 618 3373 Suscepimus
685 3292 862 3363 Deus,
915 3292 1359 3352 misericordiam

154 3384 316 3434 tuam
344 3373 405 3431 in
433 3371 623 3430 medio
649 3368 850 3448 templi
888 3371 972 3429 tui
995 3393 1010 3431 ε
1053 3372 1359 3430 secundum

153 3472 370 3511 nomen
395 3460 581 3521 tuum,
607 3449 783 3522 DeuS,
812 3450 894 3506 ita
928 3457 989 3508 et
1014 3448 1133 3507 laus
1173 3457 1273 3508 tua
1298 3451 1360 3508 in

156 3530 307 3589 fines
333 3541 529 3601 terrae,
550 3527 774 3608 justitia
813 3526 983 3606 plena
1008 3536 1095 3587 est
1120 3527 1363 3587 dextera

155 3618 275 3668 tua.

241 3686 562 3746 Psazmus.s

232 3764 470 3836 Magnus
496 3759 760 3815 Dominus
783 3765 839 3815 et
860 3759 1149 3816 laudabilis
1170 3760 1364 3815 nimis:

151 3836 220 3919 in
257 3837 476 3890 civitate
514 3832 613 3887 Dei
648 3832 819 3886 nostri
853 3833 915 3885 in
957 3839 1143 3888 monte
1183 3837 1369 3887 sancto

155 3925 188 3962 e
216 3924 295 3960 us.

181 3925 209 3978 J
250 3976 470 4036 Oratio·

246 4057 422 4125 Deus,
449 4053 607 4131 cujus
646 4051 1005 4130 providentia
1038 4053 1100 4110 in
1127 4052 1214 4111 sui
1254 4052 1368 4110 dis-

157 4134 446 4215 positione
473 4151 590 4190 non
614 4129 846 4203 fallitur,
874 4139 935 4190 te
961 4129 1240 4211 supplices
1268 4149 1370 4189 ex·-

157 4322 189 4351 ⁸
231 4311 320 4365 Ps.
347 4327 473 4363 xxx.
502 4307 672 4380 (xxxi.
702 4306 776 4378 3.)

158 4384 191 4494 ἰ
229 4398 347 4506 ἓΡῑ
373 4379 859 4522 &Um-11:43>

158 4525 190 4564 d
234 4539 300 4578 ve
323 4518 718 4655 κτα-923918.
747 4518 812 4573 V.

1473 3236 1719 3289 oramuS,
1745 3223 1810 3275 ut
1837 3215 2010 3274 noxia
2032 3222 2235 3274 cuncta
2260 3215 2589 3273 submoveas
2615 3220 2675 3272 et

1472 3295 1663 3353 omnia
1688 3296 1851 3353 nobis
1878 3293 2173 3373 profutura
2199 3292 2485 3353 concedas.
2561 3288 2675 3349 Per

1474 3373 1808 3432 Dominum.

1553 3450 1662 3509 Ad
1687 3450 2021 3511 Romanos.¹=

1542 3528 1797 3601 FratreS,
1821 3530 2123 3591 Debitores
2142 3547 2333 3589 sumus
2358 3547 2475 3587 non
2503 3525 2680 3597 carni,

1476 3616 1544 3668 ut
1595 3610 1901 3668 secundum
1956 3629 2186 3667 carnem
2239 3607 2508 3666 vivamus.
2618 3603 2682 3664 Si

1478 3687 1633 3746 enim
1660 3687 1968 3746 secundum
1995 3707 2222 3746 carnem
2255 3685 2531 3758 vixeritis,
2560 3703 2683 3741 mo-

1481 3765 1711 3823 riemini
1733 3788 1749 3825 2
1790 3765 1839 3824 si
1865 3778 2056 3825 autem
2097 3765 2303 3843 spiritu
2329 3762 2477 3823 facta
2501 3761 2685 3822 carnis

1481 3842 1978 3916 mortificaveritis,
2026 3843 2244 3903 vivetis.
2348 3841 2573 3911 Quicun
2613 3860 2686 3900 ue

1482 3921 1637 3979 enim
1665 3922 1872 3999 spiritu
1897 3921 2011 3981 Dei
2035 3929 2302 3998 aguntur,
2329 3918 2391 3978 hi
2417 3927 2552 3979 sunt
2623 3917 2686 3976 lii

1483 3998 1636 4058 Dei:
1700 4018 1813 4056 non
1868 4002 2020 4057 enim
2074 3998 2369 4077 accepistis
2419 3996 2687 4077 spiritum

1481 4077 1772 4135 servitutis
1813 4076 2025 4136 iterum
2073 4077 2134 4134 in
2178 4081 2406 4150 timore,
2454 4076 2555 4136 sed
2596 4094 2688 4133 ac-

1488 4315 1514 4414 ῗ
1550 4304 2294 4448 {zfflzl'fflffif'3ffl10

1487 4457 1516 4495 Β
1552 4447 1622 4502 ib.
1652 4449 1722 4519 (v.
1761 4446 1835 4518 1.)

1488 4518 1518 4555 ¹¹
1554 4535 1668 4591 cap.
1694 4516 1805 4572 viii.
1834 4516 1892 4575 O.
1924 4519 1994 4589 (v.
2026 4515 2242 4587 12-17.)
