2975 5009
129 212 230 280 397

130 384 361 462 operibus
386 405 483 443 vos
520 383 959 458 considerantes,
987 384 1308 465 glorificent

130 462 285 520 Deum
331 464 393 520 in
446 463 541 522 die
594 463 946 522 visitationis.
1053 463 1305 542 Subjecti

131 539 273 617 igitur
312 548 494 600 estote
534 541 691 600 omni
729 540 993 600 humanae
1033 553 1307 601 creaturae

133 628 336 698 propter
372 620 597 679 Deum:
638 618 753 678 sive
781 619 925 698 regi,
966 620 1125 697 quasi
1156 640 1308 697 prae-

135 697 353 757 callenti:
397 698 513 756 sive
540 697 794 769 ducibus,
833 708 1104 775 tanquam
1130 702 1202 756 ab
1242 717 1311 757 eo

136 775 284 833 missis
304 777 376 833 ad
398 775 704 834 vindictam
725 773 1166 847 malefactorum,
1188 774 1309 834 lau-

135 853 238 910 dem
253 874 388 913 vero
409 855 718 912 bonorum:
761 854 891 931 quia
908 853 986 912 sio
1007 863 1095 912 est
1116 852 1312 911 volun-

135 939 201 988 tas
223 931 346 1003 Dei,
373 939 443 988 ut
482 931 897 991 benefacientes
929 933 1313 991 obmutescere

136 1009 318 1069 faciatis
371 1010 825 1088 imprudentium
879 1009 1174 1068 hominum
1228 1009 1313 1088 ig-

138 1088 462 1145 norantiam:
511 1086 670 1166 quasi
699 1087 882 1159 liberi,
921 1096 980 1146 et
1012 1107 1128 1146 non
1155 1086 1315 1165 quasi

138 1163 363 1224 velamen
407 1164 681 1226 habentes
708 1164 942 1224 malitiae
967 1165 1312 1236 libertatem,

139 1244 217 1300 sed
239 1245 378 1303 sicut
404 1245 555 1302 servi
590 1244 740 1303 Dei:
782 1263 975 1302 omnes
1003 1242 1313 1302 honorate:

138 1320 527 1381 fraternitatem
560 1322 813 1400 diligite:
859 1322 1046 1380 Deum
1079 1321 1315 1381 timete:

140 1419 303 1479 regem
362 1400 754 1459 honorificate.
862 1398 1042 1472 Servi,
1108 1399 1318 1458 subditi

142 1488 291 1536 estote
331 1479 396 1536 in
441 1479 597 1536 omni
644 1479 851 1537 timore
896 1478 1158 1550 dominis,
1202 1497 1318 1535 non

140 1565 338 1614 tantum
379 1557 542 1616 bonis
579 1565 637 1615 et
678 1557 965 1627 modestiS,
1005 1557 1106 1615 sed
1146 1555 1317 1615 etiam

142 1633 372 1709 dyscolis.
454 1635 603 1694 Haec
648 1644 734 1693 est
786 1636 940 1694 enim
990 1635 1192 1712 gratia,
1242 1634 1320 1692 In

142 1711 346 1772 Christo
371 1712 414 1771 J
415 1733 513 1771 esu
541 1713 790 1771 Domino
817 1721 1029 1771 nostr0.

200 1790 461 1861 Alleluya.
512 1791 574 1844 V.
646 1789 922 1844 Modicum
949 1797 1006 1844 et
1040 1805 1151 1843 non
1175 1788 1321 1843 vide-

144 1858 252 1913 bitis
263 1879 360 1930 me,
378 1860 514 1915 dicit
531 1860 796 1915 Dominus
812 1880 824 1913 :
840 1861 1038 1914 iterum
1053 1860 1324 1915 modicum

145 1937 190 1983 et
208 1932 446 1986 videbitis
470 1949 558 1985 me
582 1932 712 2002 quia
734 1932 871 1985 vado
893 1931 964 1984 ad
988 1931 1254 1985 Patrem.⁸

203 2002 464 2073 Alleluya.
514 2002 576 2056 V.
662 2001 872 2055 Iterum
912 2006 1096 2056 autem
1135 2001 1326 2056 videbo
1398 1976 1403 1981 Δ

146 2086 222 2125 vos
237 2079 287 2125 et
305 2072 566 2143 gaudebit
581 2088 671 2126 cor
692 2078 928 2127 vestrum
956 2091 968 2125 :
995 2079 1050 2126 et
1067 2073 1329 2143 gaudium

148 2148 361 2196 vestrum
385 2160 545 2197 nemo
569 2143 726 2198 tollet
747 2161 781 2196 a
804 2142 999 2197 vobis.b

208 2214 470 2286 Alleluya.
523 2214 584 2267 V.
657 2213 904 2268 Surrexit
944 2212 1192 2267 Christus
1232 2210 1330 2282 qui

149 2284 328 2366 creavit
357 2284 543 2339 omnia
568 2303 581 2337 :
607 2289 663 2339 et
697 2284 949 2340 misertus
976 2291 1057 2338 est
1091 2285 1333 2338 humano

154 2370 331 2423 genen.

219 2426 294 2484 In
331 2426 435 2484 hac
476 2426 821 2483 hebdomada
861 2426 941 2484 ad
991 2426 1224 2483 missam
1265 2424 1332 2482 in

155 2502 325 2560 diebus
344 2503 608 2581 profestis
634 2505 897 2582 primum
923 2502 1196 2575 Alleluya,
1226 2504 1332 2561 sci-

158 2580 267 2638 licet
289 2581 559 2635 Modicum
581 2583 795 2640 dicitur
811 2603 920 2659 per
946 2590 1118 2641 totam
1138 2582 1333 2639 hebdo-

158 2660 370 2718 madam
408 2661 524 2717 loco
572 2658 850 2718 Gradalis
873 2682 897 2731 ;
958 2669 1008 2718 et
1051 2662 1175 2718 alia
1222 2660 1335 2718 duo

160 2737 407 2796 dicuntur
433 2739 667 2796 alternis
691 2739 906 2796 vicibus
925 2739 992 2796 in
1000 2739 1176 2814 feriis
1203 2738 1340 2796 etin

149 2814 293 2890 festis
317 2818 496 2874 trium
523 2817 818 2874 lectionum
839 2839 862 2887 ;
904 2818 1051 2893 quod
1078 2818 1247 2874 etiam
1273 2817 1340 2874 in

155 2897 401 3028 {mxima
424 2896 673 2973 sequenti
692 2895 1036 2954 hebdomada
1053 2897 1342 2959 observan-

199 2992 284 3030 um
307 2981 397 3031 est.

231 3050 546 3110 Secundum
574 3050 630 3109 J
622 3051 942 3110 ohannem.⁰
1099 3089 1102 3092 -

234 3128 303 3186 In
347 3129 449 3189 illo
492 3139 773 3208 tempore,
813 3130 983 3188 Dixit
1021 3130 1064 3189 J
1067 3150 1192 3190 esus
1231 3131 1347 3189 dis-

164 3207 340 3285 cipulis
384 3209 539 3280 suis;
604 3209 913 3281 Modicum,
959 3216 1017 3267 et
1062 3211 1183 3286 jam
1231 3229 1348 3267 non

167 3287 409 3347 videbitis
449 3306 563 3359 me,
605 3295 666 3344 et
703 3288 914 3347 iterum
956 3290 1261 3360 modicum,
1289 3296 1351 3347 et

167 3364 407 3425 videbitis
455 3385 567 3437 me,
609 3366 744 3443 quia
787 3367 931 3424 vado
972 3367 1046 3424 ad
1094 3368 1349 3426 Patrem.

170 3442 442 3504 Dixerunt
484 3463 620 3522 ergo
673 3444 932 3522 discipuli
985 3446 1105 3522 ejus
1147 3447 1219 3504 ad
1262 3448 1349 3502 in-

171 3523 358 3596 vicem3
406 3522 563 3591 Quid
584 3532 671 3581 est
693 3523 798 3580 hoc
817 3523 968 3600 quod
995 3524 1137 3582 dicit
1163 3524 1347 3582 nobis:

171 3599 466 3674 Modicum,
521 3611 581 3660 et
633 3621 752 3658 non
808 3602 1073 3660 videbitis
1126 3623 1237 3674 me,
1292 3610 1354 3660 et

169 3676 360 3738 iterum
385 3679 688 3752 modicum,
711 3688 771 3738 et
790 3679 1056 3739 videbitis
1077 3700 1188 3752 me,
1209 3679 1235 3712 ‘¹
1252 3689 1313 3739 et
1328 3679 1354 3712 ‘¹

168 3759 285 3834 quia
302 3759 446 3818 vado
464 3758 538 3816 ad
559 3759 792 3817 Patrem
811 3760 835 3817 ’ἒ
888 3758 1170 3817 Dicebant
1190 3778 1326 3837 ergo
1337 3780 1352 3829 ;

172 3837 311 3904 Quid
350 3846 440 3897 est
478 3836 585 3895 hoc
624 3837 773 3914 quod
811 3836 965 3908 dicit,
1012 3838 1353 3896 Modicum?

170 3918 431 3975 nescimus
457 3915 595 3992 quid
621 3914 890 3992 loquitur.
958 3914 1236 3993 Cognovit
1256 3937 1354 3974 au-

169 4005 274 4052 tem
312 3995 355 4054 J
357 4013 502 4065 esus,
530 3995 664 4070 quia
702 3991 966 4052 volebant
1005 4013 1136 4052 eum
1177 3995 1354 4053 inter·

169 4090 374 4151 rogare,
403 4085 465 4132 et
490 4072 642 4131 dixit
668 4071 787 4143 eis;
837 4074 925 4131 De
966 4071 1072 4130 hoc
1097 4074 1354 4150 quaeritis

170 4239 195 4271 ⁸
225 4231 416 4288 Johan.
444 4232 555 4287 xvi.
583 4233 655 4304 (v.
685 4231 795 4304 16.)

170 4301 292 4410 ἰῶ·
320 4305 392 4376 (v.
419 4304 543 4426 22ss
587 4372 646 4439 (v
688 4371 904 4446 16-22)

172 4442 199 4481 a
223 4391 335 4501 ‘1²53’
354 4391 565 4502 {3350st
591 4413 676 4497 92'.
704 4442 788 4499 97.
816 4415 902 4498 26.

597 227 1050 277 HEBDOMADA
1082 230 1192 278 ΙΙΙ.
1226 228 1400 279 POST
1434 236 1759 289 OO'l'AVAS
1792 240 2111 293 PASCHAE.

2502 232 2630 297 398

1424 393 1581 453 inter
1607 414 1704 453 vos
1742 396 1876 473 quia
1905 398 2049 471 dixi,
2078 398 2388 474 Modicum,
2418 412 2479 462 et
2513 424 2629 464 non

1423 471 1688 531 videbitis
1729 494 1837 546 me,
1881 484 1941 535 et
1980 477 2189 536 iterum
2231 481 2533 555 modicum,
2570 491 2631 543 et

1423 550 1691 610 videbitis
1743 572 1856 611 me.
1974 556 2191 628 Amen,
2258 578 2447 631 amen,
2503 561 2632 620 dico

1424 628 1618 686 vobis:
1674 630 1809 708 quia
1848 629 2145 710 plorabitis
2182 645 2243 695 et
2275 637 2486 698 flebitis
2512 659 2629 714 vos,

1426 706 1673 765 mundus
1712 719 1904 768 autem
1944 713 2249 790 gaudebit:
2305 736 2403 774 vos
2436 727 2628 778 autem

1426 785 1922 860 contristabimini,
1983 791 2083 849 sed
2143 791 2378 852 tristitia
2446 808 2633 855 vestra

1427 870 1686 922 vertetur
1738 866 1799 922 in
1849 868 2140 945 gaudium.
2241 871 2459 932 Mulier
2501 895 2631 934 cum

1428 943 1598 1020 parit,
1619 942 1914 1002 tristitiam
1939 946 2128 1019 habet,
2149 950 2283 1027 quia
2307 953 2464 1011 venit
2489 952 2632 1012 hora

1430 1021 1586 1111 ejus:
1642 1039 1770 1078 cum
1810 1033 2001 1114 autem
2041 1030 2332 1105 pepererit
2368 1051 2629 1109 puerum,

1423 1118 1546 1175 Jam
1586 1118 1709 1187 ‘non
1754 1104 2020 1162 meminit
2072 1125 2350 1182 pressurae
2398 1119 2634 1190 propter

1429 1176 1746 1255 gaudium:
1850 1180 1941 1238 uia
1987 1193 2152 1243 natus
2205 1194 2292 1244 est
2348 1187 2517 1246 homo
2570 1189 2632 1247 in

1431 1255 1728 1313 mundum.
1851 1267 1878 1316 t
1905 1278 2002 1317 vos
2029 1261 2206 1340 igitur
2233 1284 2381 1324 nunc
2401 1268 2632 1344 quidem

1431 1333 1729 1392 tristitiam
1746 1333 1984 1409 habetis,
2001 1339 2210 1399 iterum
2226 1352 2416 1402 autem
2433 1346 2637 1406 videbo

1434 1431 1551 1483 vos,
1581 1421 1644 1470 et
1667 1413 1936 1491 gaudebit
1963 1435 2060 1474 cor
2088 1428 2366 1482 vestrum:
2411 1432 2472 1481 et
2495 1443 2635 1502 gau·

1432 1491 1591 1547 dium
1618 1499 1869 1549 vestrum
1896 1514 2067 1553 nemo
2092 1497 2254 1556 tollet
2278 1519 2315 1556 a
2339 1502 2514 1559 vobis·

1520 1567 1928 1643 Offe‘rto‘riwm.⁸³

1495 1642 1697 1715 Lauda,
1714 1647 1901 1700 anima
1913 1664 2046 1717 mea,
2065 1649 2361 1705 Dominum
2380 1653 2639 1710 :laudabo

1435 1714 1729 1769 Dominum
1754 1716 1816 1770 in
1838 1717 1954 1771 vita
1975 1736 2108 1789 mea,
2134 1722 2360 1793 psallam
2384 1724 2497 1780 Deo
2518 1743 2642 1781 meo

1435 1786 1699 1856 quamdiu
1721 1804 1824 1858 erc,
1850 1787 2100 1862 alleluya.

1522 1856 1759 1917 Secreta.

1518 1935 1632 1994 His
1653 1937 1829 2009 nobis,
1847 1957 2184 2016 quaesumus,
2205 1942 2471 2017 Domine,
2491 1965 2641 2022 mys-

1439 2014 1599 2072 teriis
1620 2014 1957 2088 conferatur,
1979 2038 2091 2095 quo
2110 2027 2341 2080 terrena
2364 2023 2644 2083 desideria

1443 2093 1771 2229 instigantes
1816 2095 2093 2156 discamus
2137 2119 2328 2160 amare
2380 2101 2645 2162 coelestia.

1497 2191 1576 2229 er.

1531 2248 1906 2309 Commwnios

1518 2325 1809 2397 Modicum,
1849 2336 1904 2383 et
1945 2348 2057 2386 non
2091 2332 2342 2389 videbitis
2376 2353 2478 2407 me,
2518 2338 2649 2392 alle-

1447 2396 1579 2468 luya
1604 2416 1617 2451 :
1643 2399 1840 2452 iterum
1865 2402 2151 2474 modicum,
2179 2412 2234 2458 et
2267 2407 2518 2462 videbitis
2545 2426 2647 2479 me,

1447 2468 1735 2539 quiaivado
1758 2471 1826 2524 ad
1865 2471 2097 2544 Patrem,
2123 2476 2372 2550 alleluya,
2398 2479 2649 2552 alleluya.

1530 2538 2003 2601 PostcommuniO.

1530 2617 1791 2696 Respice,
1819 2639 2155 2696 quaesumuS,
2186 2624 2452 2699 Domine,
2473 2649 2651 2707 popu-

1450 2692 1572 2753 lum
1598 2707 1759 2753 tuum
1785 2717 1796 2753 ;
1840 2706 1897 2755 et
1932 2719 2101 2776 quem
2131 2706 2360 2762 aeternis
2387 2706 2653 2783 dignatus

1454 2793 1515 2832 es
1543 2793 1814 2833 renovare
1841 2781 2147 2852 mysteriis,
2174 2800 2209 2837 a
2245 2784 2652 2862 temporalibus

1454 2850 1632 2930 culpis
1659 2852 1961 2931 dignanter
1987 2857 2230 2917 absolve.
2314 2861 2447 2921 Per.

1562 3036 1776 3108 Feria
1823 3051 2103 3133 quarta.

1557 3131 1750 3193 Lectio
1814 3136 2092 3213 Epistolae
2158 3140 2306 3199 beati
2368 3141 2658 3203 Johannis

1461 3211 1777 3290 Apostoli!

1568 3291 1877 3364 carissimi,
1931 3293 2079 3353 Haec
2130 3296 2312 3356 scribo
2363 3301 2538 3372 vobiS,
2592 3309 2658 3359 ut

1463 3389 1579 3428 non
1618 3372 1879 3448 peccetis·
1963 3373 2078 3431 Sed
2114 3373 2264 3434 ¹²et¹²
2291 3376 2337 3434 si
2364 3379 2489 3454 quis
2527 3397 2657 3455 pec-

1462 3451 1694 3519 caverit,
1721 3451 2047 3509 advocatum
2076 3451 2346 3513 habemus
2371 3457 2521 3533 apud
2550 3457 2658 3515 Pa-

1464 3535 1635 3598 trem,
1656 3527 1699 3585 J
1700 3548 1856 3586 esum
1879 3528 2168 3590 Christum
2183 3532 2427 3610 justum:
2459 3543 2520 3593 et
2538 3536 2658 3612 ipse

1467 3613 1555 3664 est
1598 3607 1926 3685 propitiatio
1970 3628 2076 3686 pro
2126 3612 2367 3689 peccatis
2415 3614 2656 3672 nostris:

1467 3703 1582 3741 non
1629 3704 1735 3762 pro
1780 3687 1987 3744 nostris
2031 3700 2220 3748 autem
2266 3697 2511 3762 tantum,
2560 3693 2661 3751 sed

1467 3763 1641 3820 etiam
1680 3783 1786 3841 pro
1824 3764 2001 3823 totius
2037 3768 2251 3826 mundi.
2349 3769 2431 3828 Et
2469 3770 2530 3827 in
2557 3769 2663 3828 hoc

1467 3841 1674 3899 scimus
1711 3844 1977 3919 quoniam
2019 3846 2377 3924 cognovimus
2424 3869 2573 3920 eum,
2616 3849 2663 3907 si

1469 3919 1740 3978 mandata
1765 3920 1885 3998 ejus
1913 3923 2290 3984 observemus.
2375 3925 2492 3994 Qui
2526 3928 2666 3986 dicit

1467 4017 1529 4056 se
1573 4017 1735 4056 nosse
1782 4020 1931 4071 eum,
1976 4008 2036 4059 et
2078 4004 2349 4063 mandata
2389 4007 2507 4084 ejus
2549 4026 2664 4065 non

1466 4077 1729 4148 custodit,
1756 4079 2008 4137 mendax
2044 4090 2150 4154 est,
2178 4091 2238 4143 et
2277 4085 2485 4145 veritas
2511 4085 2572 4143 in
2600 4105 2669 4146 eo

1472 4244 1498 4274 Θ
1535 4235 1622 4289 Ps.
1649 4235 1785 4291 cxlv.
1823 4237 2003 4320 (cxlvi.
2034 4241 2081 4311 1,
2109 4241 2186 4313 2.)

1472 4304 1495 4343 f
1532 4305 1731 4360 Johan.
1759 4324 1866 4361 xvi.
1893 4309 1966 4380 (v.
1997 4311 2105 4382 16.)

1475 4384 1505 4423 s
1543 4376 1570 4428 1
1598 4376 1800 4430 Johan.
1827 4395 1939 4449 cap.
1976 4380 2032 4434 ii.
2061 4382 2131 4436 A.
2162 4383 2230 4454 (v.
2262 4385 2378 4440 1-8.

1477 4445 1508 4483 ¹²
1545 4464 1655 4500 non
1679 4446 1883 4503 habent
1908 4449 1991 4503 92.
2022 4450 2107 4506 97.
2136 4453 2218 4506 98.
2246 4455 2343 4510 4L.
2425 4499 2437 4511 .
