2975 5009
52 66 53 99 ι

52 116 55 165 Ῐ

153 221 256 286 493
325 242 479 292 nou.
514 244 609 292 xl.
645 243 818 293 Pos'r
852 243 1048 290 rrum.

150 391 252 461 pisti
285 413 360 451 me
395 418 406 452 :
440 416 532 454 nec
566 398 844 454 delectasti
879 399 1129 454 inimicos
1159 415 1305 453 meos

151 478 426 594 mffimgg
480 470 724 541 Domine,
769 469 999 525 clamavi
1040 470 1112 525 ad
1154 476 1208 525 te
1249 475 1307 525 et

211 685 339 760 Tibi,
384 689 643 761 Domine,
691 689 969 749 sacrificia
1015 696 1043 726 ⁸
1067 689 1251 749 dicata
1276 702 1306 733 ⁸

149 762 459 839 reddantur3
500 788 628 846 quae
670 769 748 826 sic
787 769 860 826 ad
901 767 1177 827 honorem
1206 788 1306 826 no-

150 841 286 899 minis
305 845 383 901 tui
396 845 702 905 deferenda
728 846 998 918 tribuisti,
1021 853 1086 904 ut
1107 848 1306 907 eadem

147 921 360 980 remedia
384 932 574 983 nostra
600 924 729 984 fieri
766 931 1086 1003 praestareS.
1171 926 1306 985 Per.

209 996 568 1060 Oommwni0.¹²

201 1073 399 1132 Honora
433 1079 727 1134 Dominum
763 1080 830 1133 de
867 1085 964 1134 tua
999 1079 1310 1134 substantia

143 1145 260 1199 etde
289 1148 536 1218 primitiis
566 1149 786 1220 frugum
824 1155 1043 1204 tuarum
1071 1170 1082 1203 ε
1110 1154 1173 1203 ut
1207 1150 1308 1203 im-

142 1214 358 1283 pleantur
390 1220 580 1275 horrea
615 1225 711 1274 tua
745 1221 1032 1276 saturitate
1059 1240 1070 1274 ε
1097 1227 1154 1275 et
1185 1221 1314 1276 vino

145 1287 393 1343 toreularia
412 1291 811 1347 redundabunt.

198 1358 658 1421 Postcommwnio.

205 1435 550 1512 Quaesumus,
595 1439 846 1499 Domine
892 1442 1046 1499 Deus
1095 1450 1309 1512 noster,

137 1519 188 1570 ut
221 1534 346 1592 quos
386 1519 594 1578 divinis
635 1539 902 1597 reparare
944 1539 1058 1576 non
1099 1519 1311 1578 desinis

135 1597 484 1670 sacramentis,
514 1597 629 1656 tuis
657 1617 772 1655 non
798 1598 1074 1656 destituas
1114 1599 1312 1678 benig-

134 1687 223 1730 nus
244 1674 478 1735 auxiliis.
565 1677 682 1736 Per
709 1676 1039 1734 Dominum.

211 1868 418 1944 Feria
468 1884 754 1968 quarta.

193 1966 290 2025 Ad
319 1968 694 2028 Corinthios.⁶

191 2043 437 2120 Fratres,
472 2047 727 2108 Nescitis
767 2047 1031 2124 quoniam
1073 2066 1170 2106 cor
1211 2067 1312 2106 ora

127 2132 290 2183 vestra
308 2129 574 2185 membra
592 2136 727 2185 sunt
750 2126 1001 2187 Christi?
1081 2126 1167 2185 Το
1210 2145 1311 2184 ens

128 2218 239 2280 ergo
263 2207 526 2263 membra
544 2204 781 2276 Christi,
809 2209 838 2246 ‘¹
854 2203 1054 2262 faciam
1073 2209 1104 2247 ‘¹
1129 2225 1310 2263 mem-

126 2277 208 2337 bra
231 2283 599 2343 meretricis?
679 2283 866 2342 Absit.
951 2285 1053 2342 An
1083 2284 1312 2342 nescitis

125 2360 363 2431 quoniam
393 2363 495 2438 qui
523 2361 781 2421 adhaeret
807 2361 1114 2434 meretrici,
1136 2380 1312 2418 unum

125 2452 300 2516 corpus
329 2440 617 2499 efficitur?
692 2441 881 2499 Erunt
909 2439 1080 2511 enim,
1109 2439 1313 2516 inquit,

125 2511 216 2572 duo
235 2518 291 2575 in
319 2539 500 2577 carne
522 2538 653 2575 una.
717 2518 827 2585 Qui
844 2526 1035 2575 autem
1057 2516 1316 2575 adhaeret

128 2590 241 2666 Deo,
257 2617 406 2655 unus
425 2596 665 2674 spiritus
687 2603 789 2652 est.
847 2594 1055 2671 Fugite
1076 2595 1315 2652 fornica-

123 2669 332 2735 tionem.
405 2675 605 2734 Omne
626 2672 779 2730 enim
805 2681 1117 2749 peccatum,
1136 2671 1315 2749 quod-

1586 248 1754 297 noM.
1792 246 1921 296 xn.
1958 246 2131 299 Posw
2165 248 2356 298 rem.
2491 230 2623 295 494

1418 423 1640 481 cunque
1659 404 1859 464 fecerit
1885 403 2073 476 hom0‚
2096 413 2266 464 extra
2289 423 2490 482 corpus
2507 411 2621 462 est:

1415 484 1516 560 qui
1554 490 1748 543 autem
1773 483 2105 559 fornicatur,
2135 485 2194 541 in
2234 501 2434 560 corpus
2460 501 2623 541 suum

1417 569 1629 640 peccat.
1702 562 1806 619 An
1828 562 2056 620 nescitis
2076 562 2344 639 quoniam
2367 562 2626 619 membra

1417 648 1608 698 vestra
1643 638 1920 717 templum
1950 649 1975 679 θ
1991 648 2078 699 est
2094 649 2119 678 Θ
2159 638 2403 717 Spiritus
2433 638 2626 698 Sancti

1418 718 1516 795 qui
1545 719 1606 775 in
1646 718 1802 777 vobis
1830 726 1935 789 est,
1962 737 2132 796 quem
2162 718 2382 776 habetis
2418 737 2453 774 a
2479 717 2624 787 Deo,

1419 804 1481 855 et
1534 815 1650 855 non
1704 796 1839 855 estis
1891 797 2100 856 vestri?
2214 796 2417 886 Empti
2470 794 2623 852 enim

1421 875 1556 934 estis
1609 875 1796 954 pretio
1851 895 2075 954 magno.
2184 873 2512 933 Glorlficate
2567 881 2627 932 et

1419 961 1649 1032 portate
1677 953 1866 1012 Deum
1897 954 1956 1011 in
1983 955 2004 994 ἲ
2020 972 2255 1031 corpore
2282 960 2491 1012 vestre.

1499 1030 1821 1091 Secundum
1846 1031 2118 1089 Dacams

1505 1109 1579 1166 In
1608 1108 1706 1168 illo
1732 1118 2009 1189 tempore,
2039 1109 2281 1168 Dicebat
2316 1107 2360 1168 J
2360 1126 2486 1166 esus
2511 1107 2624 1165 dis·

1421 1186 1620 1264 cipulis
1659 1188 1773 1246 suis
1808 1188 2132 1266 parabolam
2159 1188 2323 1259 hanc,
2358 1185 2626 1264 quoniam

1423 1272 1651 1356 oportet
1674 1285 1902 1344 semper
1928 1286 2090 1326 orare
2119 1275 2180 1325 et
2206 1286 2320 1324 non
2360 1265 2626 1335 deficere,

1422 1344 1644 1415 dlcens3
1686 1344 1729 1402 J
1731 1345 1882 1402 udex
1902 1345 2131 1422 quidam
2152 1352 2277 1404 erat
2302 1344 2361 1401 in
2381 1343 2625 1421 quadam

1421 1421 1671 1492 civitate,
1718 1421 1815 1499 qui
1862 1422 2050 1481 Deum
2098 1442 2214 1479 non
2260 1423 2519 1492 timebat,
2568 1429 2628 1480 et

1424 1499 1715 1558 hominem
1770 1519 1884 1557 non
1937 1502 2324 1559 reverebatur.
2435 1499 2630 1556 Vidua

1422 1586 1617 1636 autem
1645 1579 1904 1654 quaedam
1934 1586 2057 1637 erat
2083 1578 2142 1635 in
2171 1579 2397 1636 civitate
2426 1576 2539 1648 illa,
2568 1585 2629 1636 et

1425 1657 1690 1715 veniebat
1715 1657 1788 1713 ad
1816 1677 1964 1729 eum,
1992 1656 2218 1716 dicens:
2263 1656 2511 1715 Vindica
2537 1674 2629 1715 me

1423 1735 1498 1793 de
1537 1734 1859 1793 adversario
1898 1755 2043 1794 mee.
2142 1735 2221 1793 Et
2259 1733 2487 1792 nolebat
2525 1753 2632 1811 per

1425 1812 1671 1872 multum
1719 1821 1963 1891 tempuS.
2072 1813 2212 1872 Post
2264 1811 2388 1870 haec
2438 1820 2630 1870 autem

1423 1891 1575 1950 dixit
1602 1892 1755 1949 intra
1779 1911 1838 1950 se
1862 1914 1877 1951 :
1921 1891 2046 1950 Etsi
2073 1891 2261 1950 Deum
2291 1910 2406 1947 non
2434 1890 2630 1961 timec,

1427 1989 1533 2028 nec
1573 1969 1862 2029 hominem
1904 1989 2206 2029 revereor:
2261 1977 2457 2026 tamen
2500 1968 2633 2046 quia

1426 2047 1663 2107 molesta
1689 2057 1777 2107 est
1805 2048 1947 2107 mihi
1976 2047 2096 2106 haec
2125 2047 2310 2118 vidua,
2338 2046 2632 2105 vindicabo

1421 2125 1597 2199 illam,
1626 2147 1699 2186 ne
1727 2127 1789 2184 in
1815 2127 2119 2186 novissimo
2145 2126 2378 2185 veniens
2403 2124 2634 2202 sugillet

1423 2224 1537 2262 me.
1638 2204 1746 2264 Ait
1793 2214 1987 2265 autem
2033 2205 2346 2274 Dominus;
2407 2202 2632 2262 Audite

1423 2283 1562 2360 quid
1602 2283 1786 2361 judex
1840 2283 2155 2362 iniquitatis
2208 2282 2360 2341 dixit
2387 2302 2404 2341 ε
2473 2282 2633 2340 Deus

1426 2369 1619 2420 autem
1648 2381 1762 2420 non
1789 2362 1956 2422 faciet
1983 2362 2293 2436 vindictam
2322 2359 2632 2419 electorum

1428 2458 1658 2497 suorum
1687 2438 2052 2499 clamantium
2074 2441 2146 2499 ad
2166 2460 2226 2499 se
2246 2440 2340 2498 die
2361 2458 2425 2496 ac
2447 2447 2632 2512 nocte,

1428 2527 1489 2574 et
1529 2517 1866 2594 patientiam
1896 2517 2128 2578 habebit
2163 2519 2223 2576 in
2252 2517 2407 2577 illisss
2489 2516 2635 2574 Dico

1428 2593 1455 2625 ¹¹
1474 2602 1667 2651 autem
1689 2593 1716 2626 ¹²
1743 2597 1899 2654 vobis
1931 2597 2066 2675 quia
2091 2596 2203 2656 cito
2228 2595 2396 2656 faciet
2421 2594 2633 2654 vindic-

1427 2678 1549 2730 tam
1578 2669 1827 2730 illorum.

549 2921 943 2997 Dominica
1010 2923 1457 2995 Duodea-ima
1522 2933 1678 3017 post
1750 2924 2191 2999 Trinitatem.

149 3167 157 3172 ,
179 3107 279 3166 Ad
307 3108 598 3167 Missam.
685 3107 988 3184 Officium.¹

177 3185 357 3260 Deus,
383 3188 449 3245 in
472 3187 818 3264 adjutorium
841 3206 1030 3244 meum
1052 3186 1318 3245 intende:

111 3260 375 3338 Domine,
407 3266 488 3323 ad
528 3266 905 3343 adjuvandum
949 3285 1040 3323 me
1077 3263 1318 3324 festina:

110 3342 535 3403 confundantur
582 3351 641 3402 et
687 3353 1056 3401 revereantur
1106 3342 1321 3400 inimici

107 3422 209 3481 mei
236 3424 342 3501 qui
373 3428 654 3500 quaerunt
679 3422 928 3479 animam
959 3441 1165 3479 meam.

175 3497 507 3558 stannus)

164 3577 529 3633 Avertantur
561 3580 851 3629 retrorsum
885 3580 941 3631 et
975 3575 1322 3630 erubescant:

103 3647 190 3714 qui
213 3649 426 3703 volunt
456 3645 595 3699 mihi
618 3646 776 3700 mala.

180 3719 422 3778 Oratio.

173 3798 584 3877 Omnipotens
623 3794 968 3872 sempiterne
1015 3794 1190 3866 Daue,
1229 3792 1327 3871 qui

100 3875 470 3936 abundantia
494 3873 724 3950 pietatis
751 3881 867 3931 tuae
887 3881 945 3930 et
973 3872 1178 3931 merita
1196 3890 1328 3950 sup-

96 4074 121 4103 ⁸
152 4063 595 4124 dicanda—94.
622 4064 708 4119 97.

95 4137 120 4176 ¹²
152 4139 434 4195 Proverb.
465 4153 577 4207 cap.
606 4135 682 4218 iii.
711 4134 784 4257 Si}
813 4133 924 4205 10.)

95 4220 117 4247 0
152 4209 183 4262 1
209 4211 288 4265 ad
315 4209 453 4262 Gor.
480 4223 594 4277 cap.
621 4223 691 4261 v1.
771 4245 784 4258 .
814 4204 885 4276 (v.
916 4204 1132 4277 15-20.)

95 4279 121 4317 ‘¹
153 4275 524 4335 faciem—13.
554 4276 637 4330 15.
709 4274 1085 4331 faciens—57.

89 4362 115 4459 ἶ
148 4345 820 4478 ᾞέὗιῖἓξοὲῗὲῑεὶῃ.
847 4415 932 4469 98.

1433 3105 1642 3186 plicum
1682 3104 1907 3166 excedis
1935 3115 1994 3166 et
2020 3115 2168 3179 vota,
2199 3107 2428 3168 effunde
2467 3129 2637 3189 super

1433 3205 1536 3243 nos
1576 3185 2017 3244 misericordiam
2056 3193 2232 3258 tuam,
2272 3195 2339 3245 ut
2383 3188 2638 3247 dimittas

1433 3284 1562 3342 quae
1615 3264 1956 3322 conscientia
2008 3264 2231 3335 metuit,
2285 3272 2343 3323 et
2408 3266 2638 3343 adjicias

1435 3343 1584 3420 quod
1612 3343 1792 3401 oratio
1819 3362 1932 3400 non
1959 3342 2271 3421 praesumit.
2373 3343 2489 3402 Per
2517 3346 2636 3403 Do-

1435 3440 1674 3478 minum.

1515 3499 1619 3556 Ad
1649 3495 2014 3558 Corinthios}

1518 3577 1770 3648 FratreS,
1814 3576 2106 3634 Fiduciam
2147 3576 2321 3636 talem
2363 3577 2638 3637 habemus

1439 3675 1543 3734 per
1580 3655 1870 3715 Christum
1912 3654 1985 3712 ad
2027 3655 2261 3716 Deum:
2325 3677 2439 3715 non
2487 3658 2638 3734 quod

1439 3733 1782 3793 sufficientes
1827 3733 2002 3791 simus
2053 3733 2299 3812 cogitare
2340 3733 2552 3812 aliquid
2603 3755 2640 3793 a

1441 3813 1625 3884 nobiS,
1653 3811 1810 3888 quasi
1837 3832 1912 3869 ex
1940 3811 2098 3870 nobis
2121 3833 2135 3872 ε
2178 3812 2277 3870 sed
2303 3812 2642 3871 sufficientia

1441 3900 1637 3950 nostra
1662 3910 1736 3950 ex
1763 3889 1888 3948 Deo
1914 3898 2034 3949 est:
2075 3891 2171 3967 qui
2196 3898 2256 3950 et
2282 3891 2511 3950 idoneos
2539 3911 2639 3950 nos

1439 4072 1470 4171 ξ
1505 4079 1618 4187 {213
1643 4061 2140 4187 {3¹ss3;,?§2<72.22}†{·
2181 4175 2191 4187 .
2219 4132 2303 4188 57.
2331 4132 2397 4189 v.

1440 4203 1457 4240 ι
1506 4203 1593 4286 ‚1³⁵-
1620 4203 1752 4255 lxix.
1779 4202 1913 4273 (ιη
1943 4201 1989 4271 1,
2016 4202 2093 4273 2.)
2254 4231 2262 4241 ·

1436 4273 1474 4383 «L
1506 4274 1677 4400 ιὴών.
1706 4273 1780 4345 3.)

1510 4344 1546 4397 2
1662 4343 1780 4399 Gor.
1805 4360 1917 4416 cap.
1944 4360 2022 4398 ιιι.
2049 4341 2111 4396 Β.
2140 4343 2211 4415 (v.
2237 4342 2386 4416 4-9.)
