2975 5009
325 287 407 351 71
587 304 682 352 ss.
730 303 1254 358 wnocunrmu.

326 458 661 538 prophetam
703 460 984 519 dicentem
1021 484 1035 521 ε
1076 459 1212 518 Vox
1251 460 1312 517 in
1355 459 1540 519 Rama

330 539 520 595 audita
547 549 648 607 est,
678 538 927 616 ploratus
955 548 1013 597 et
1033 539 1277 596 ululatus
1300 540 1536 598 multus:

332 615 546 674 Rachel
596 615 823 694 plorans
866 617 1015 674 filios
1049 637 1202 690 sum,
1245 625 1304 676 et
1351 618 1541 678 noluit

334 694 622 765 consolari,
652 697 784 773 quia
811 716 926 754 non
953 703 1104 754 sunt.

417 772 621 831 Credo.

423 849 802 925 offertorium.

413 928 622 981 Anima
658 935 840 981 nostra
875 927 1014 980 sicut
1049 944 1227 998 passer
1261 933 1445 999 erepta
1467 934 1549 981 est

342 999 410 1053 de
432 1000 623 1067 laqueo
648 998 962 1052 venantium
985 1018 996 1050 :
1039 998 1263 1067 laqueus
1286 999 1551 1056 contritus

346 1077 426 1125 est
450 1076 505 1121 et
531 1085 626 1119 nos
650 1069 863 1122 liberati
887 1077 1120 1122 sumus,a

434 1140 671 1198 Secreta.

428 1218 663 1288 Adest0,
705 1216 970 1288 Domine,
1012 1218 1340 1276 muneribus
1378 1218 1553 1276 Inno-

351 1297 600 1356 centium
639 1295 944 1354 festivitate
980 1297 1280 1367 sacrandis,
1310 1303 1369 1355 et
1409 1317 1558 1374 prae-

353 1385 474 1447 sta3
528 1382 593 1432 ut
625 1394 818 1433 eorum
862 1375 1244 1434 sinceritatem
1286 1379 1563 1454 possimus

2021 306 2076 353 s.
2126 303 2418 353 monim.
2785 285 2827 352 7
2836 287 2882 348 2

1650 459 1881 531 imitari,
1922 480 2159 537 quorum
2199 460 2305 518 tibi
2346 460 2587 517 dicatam
2624 479 2882 518 venera-

1652 559 1780 596 mur
1807 539 2122 596 infantiam.
2207 539 2322 597 Per
2351 539 2683 596 Dominum.

1738 616 2091 675 Communia

1726 693 1843 746 Vox
1888 695 1945 746 in
1985 694 2159 748 Rama
2195 694 2384 747 audita
2418 699 2500 748 est
2534 692 2791 763 ploratus
2829 697 2883 745 et

1657 763 1911 830 ululatus,
1957 764 2158 819 Rachel
2208 765 2425 835 plorans
2469 764 2609 816 filios
2650 781 2787 817 suos
2829 769 2884 817 et

1659 835 1836 888 noluit
1859 835 2117 889 consolari
2143 836 2271 904 quia
2296 852 2405 888 non
2430 834 2607 888 sunt..b

1737 907 2211 964 Postcommunio.

1747 984 1978 1059 Votiva,
2022 986 2287 1055 Domine,
2321 985 2470 1042 dona
2497 983 2881 1062 percepimus„

1667 1082 1795 1140 quae
1832 1076 2153 1121 sanctorum
2192 1064 2675 1120 0111nocentiun10
2720 1063 2882 1121 nobis

1668 1143 1923 1219 precibus
1952 1153 2010 1200 et
2037 1143 2334 1221 praesentis
2356 1142 2508 1211 vitae,
2529 1161 2881 1218 quoesumuS,

1671 1222 1884 1298 pariter
1905 1229 1963 1279 et
1984 1231 2217 1279 {eternae
2245 1222 2430 1279 tribue
2457 1222 2725 1279 conferre
2753 1221 2884 1277 sub·

1671 1298 1896 1356 sidium.
1981 1300 2114 1359 Per.

978 1653 1070 1725 In
1122 1652 1241 1725 die
1288 1652 1517 1724 sancti
1571 1654 1854 1725 Thomoe
1900 1655 2261 1749 Martyris.

444 1836 553 1894 Ad
577 1835 839 1893 Missam.
927 1834 1203 1910 Officium.

447 1914 805 1973 Gaudeamus
824 1934 1019 1971 omnes
1046 1914 1105 1970 in
1130 1913 1395 1983 Domin0,
1414 1912 1568 1971 diem

364 1993 572 2052 festum
601 1990 952 2049 celebrantes
974 1993 1076 2048 sub
1101 1991 1314 2049 honore
1332 1991 1571 2049 Thomas

366 2071 634 2146 martyris
660 2092 675 2128 ε
718 2070 789 2126 de
830 2069 986 2146 cujus
1067 2069 1281 2126 assione
1322 2071 1573 2148 gaudent

366 2148 552 2283 anpssli
585 2157 642 2205 et
668 2146 987 2205 collaudant
1073 2146 1231 2204 ilium
1257 2148 1387 2207 Dei.

510 2227 737 2282 salmas.

443 2303 669 2370 Exaudi,
711 2303 867 2369 Deus,
906 2302 1198 2355 orationem
1238 2320 1413 2356 meam
1450 2320 1576 2357 cum

370 2374 652 2482 deprecolr:
678 2392 712 2428 a
735 2373 927 2427 timore
942 2372 1148 2427 inimici
1173 2374 1317 2444 eripe
1334 2374 1575 2428 animam

375 2463 566 2499 meam.

459 2516 678 2575 Oratim

456 2594 631 2665 Deus,
679 2612 789 2671 pro
828 2592 981 2671 cujus
1017 2591 1266 2651 Ecclesia
1305 2591 1580 2670 gloriosus

379 2674 635 2754 pontifex
689 2671 981 2729 Thomase
1025 2671 1225 2748 gladiis
1277 2672 1581 2749 impiorum

379 2753 665 2821 occubuit3
716 2760 925 2827 praesta
950 2770 1267 2826 quaesumus
1294 2762 1358 2807 ut
1386 2770 1582 2808 omnes

379 2831 475 2909 qui
503 2831 623 2908 ejus
649 2828 955 2906 implorant
973 2829 1265 2899 auxilium,
1293 2828 1585 2906 petitionis

380 2930 495 3046 slpae
520 2908 823 2967 salutarem
849 2917 1259 2984 consequantur
1295 2907 1581 2967 effectum.

435 3008 514 3046 er.

459 3065 744 3124 Memoria
797 3064 865 3120 de
909 3064 1246 3131 Nativitate,
1284 3063 1351 3120 de
1396 3071 1586 3120 sancto

385 3144 685 3221 Stephane,
739 3143 807 3199 de
858 3150 1045 3198 sancto
1099 3141 1362 3199 Johavme
1416 3150 1466 3199 et
1519 3142 1587 3199 de

386 3222 781 3281 Innocentibus
810 3228 1046 3276 tantum.

468 3299 734 3376 Epistola
775 3298 978 3357 Omnis
1018 3295 1304 3366 Pontifex,
1332 3297 1399 3354 in
1429 3296 1592 3356 Gom-

387 3379 553 3437 muni
611 3378 784 3434 unius
840 3374 1120 3450 Episcopi
1178 3384 1228 3432 et
1284 3375 1589 3451 Martyris.

392 3456 663 3516 Gradale.
745 3459 991 3525 Posuisti,
1016 3460 1256 3514 Domine.
1313 3460 1587 3533 Alleluya.

402 3534 462 3588 V.
529 3532 713 3586 Gloria
737 3539 791 3584 et
815 3530 1014 3584 honore
1039 3531 1317 3585 coronasti.

470 3603 791 3680 Sequentia.

394 3705 448 3741 a.
492 3681 754 3741 Solemue
782 3679 1060 3739 cauticum
1090 3677 1258 3738 hodie

568 3768 795 3819 resonet
824 3759 884 3815 in
913 3766 1084 3815 terra.

397 3843 445 3899 b.
497 3840 596 3900 Ad
640 3838 885 3917 palmam
931 3835 1199 3911 martyris
1247 3833 1468 3895 exultet

572 3937 837 3995 superum
865 3922 1106 3972 caterva.

396 4019 442 4056 c.
499 3996 649 4063 Quid
674 3995 828 4064 facie,
848 3994 1016 4051 turba
1037 3991 1319 4070 jocunda?

578 4072 881 4132 Gratulare
908 4091 1034 4128 cum
1061 4091 1278 4148 supera.

399 4175 445 4210 c.
501 4153 545 4213 J
546 4152 723 4210 ubilet
750 4170 911 4209 mens
934 4149 1277 4219 laetabunda,

576 4230 778 4310 psallat
803 4228 1031 4288 Christo
1058 4249 1169 4286 vox
1195 4227 1391 4287 libera.

402 4371 429 4400 ⁸
466 4361 552 4415 Ps.
579 4358 758 4414 cxxiii.
787 4357 981 4431 (cxxiv.
1012 4358 1085 4429 7.)

403 4434 432 4470 b
468 4432 664 4485 Matth.
693 4448 805 4501 cap.
833 4430 888 4483 ii.
917 4429 975 4482 O.
1003 4429 1075 4498 (V.
1109 4426 1216 4496 18.)

405 4514 428 4542 ⁸
466 4519 578 4556 non
603 4502 807 4556 habent
831 4499 913 4553 94.
945 4499 1029 4552 26.

1681 1836 1737 1893 d.
1780 1836 1978 1897 ‘Colat
2007 1839 2103 1895 etf
2124 1838 2269 1898 festa
2293 1838 2574 1896 dominica

1855 1916 2058 1974 devota
2082 1916 2404 1976 Cautuaria.

1684 1995 1739 2051 d.
1786 1994 2025 2052 Intonat
2045 1996 2196 2071 jussa
2221 1994 2519 2071 tyrannica

1863 2073 2188 2131 turbulenta
2215 2073 2432 2130 militia.

1688 2173 1730 2210 e.
1789 2152 1949 2209 Dirae
1976 2150 2127 2229 leges
2154 2161 2213 2210 et
2241 2151 2507 2208 mandata

1864 2231 2163 2287 insolerter
2189 2243 2322 2287 sunt
2350 2228 2584 2307 prolata.

1689 2330 1731 2365 e.
1797 2309 1947 2366 Loca
1972 2309 2199 2367 Christo
2227 2316 2550 2366 consecrata

1864 2387 2180 2464 profanavit
2209 2389 2290 2443 vis
2316 2396 2553 2443 armata.

1676 2463 1729 2540 f.
1794 2465 1905 2525 Sed
1934 2466 2145 2525 Christi
2178 2466 2255 2524 sic
2282 2466 2339 2521 iu
2369 2464 2606 2542 vestigio

1869 2547 2095 2602 stabant
2121 2543 2357 2619 Thoniae
2385 2543 2557 2621 pedes
2583 2541 2748 2612 recti,

1868 2632 1935 2680 ut
1961 2624 2261 2699 nequirent
2289 2624 2421 2680 inde
2448 2621 2600 2680 flecti

1679 2701 1733 2778 f.
1796 2700 1870 2758 In
1898 2703 1981 2758 sui
2013 2702 2186 2778 Regis
2215 2700 2476 2778 obsequio

1872 2781 2178 2837 arbitratus
2204 2778 2420 2836 lucium
2450 2778 2613 2847 mori,

1873 2870 2043 2936 caput
2071 2858 2239 2916 offert
2267 2858 2597 2936 percussori.

1776 2936 1890 2994 Iste
1916 2957 2141 3013 sequens
2169 2957 2353 2994 versus
2379 2944 2461 2993 ter
2495 2925 2737 2992 dicatur.

1696 3036 1750 3091 9.
1799 3014 2015 3083 Gaude,
2037 3015 2273 3084 Thoma‚
2301 3015 2373 3072 de
2400 3014 2553 3093 cujus
2579 3010 2810 3070 victoria

1699 3115 1750 3169 9.
1805 3093 1979 3152 Ortus
2006 3093 2216 3152 Christi
2245 3093 2599 3150 cumulantur
2626 3088 2845 3170 gaudia·
2939 3097 2940 3146 3

1700 3174 1754 3229 h.
1801 3172 2078 3245 Martyris
2105 3171 2421 3229 declaratur
2446 3170 2627 3249 gloria

1873 3253 2069 3309 crebra
2095 3271 2197 3328 per
2225 3249 2464 3320 indicia3

1702 3332 1754 3388 h.
1803 3330 2090 3390 Curantur
2117 3350 2219 3406 per
2246 3329 2362 3406 ejus
2390 3326 2660 3405 suffi’agia

1876 3406 2268 3484 languidorum
2299 3406 2491 3464 millia.

1704 3489 1746 3546 i.
1808 3487 2148 3544 Trucidatur
2175 3485 2279 3542 flos
2306 3498 2596 3563 pastorum

1880 3565 2032 3621 inter
2058 3569 2395 3621 sanctuaria.

1705 3645 1748 3701 i.
1803 3641 1930 3701 Nec
1955 3642 2067 3700 diei
2104 3662 2207 3700 nec
2233 3642 2481 3701 locorum

1879 3723 2065 3779 obstat
2091 3721 2424 3779 reverentia.

1709 3802 1762 3856 k.
1813 3798 1990 3858 Stella
2016 3799 2205 3869 niariS,
2234 3819 2360 3876 quae
2387 3796 2595 3856 laetaris

1881 3886 1941 3936 te
1961 3876 2194 3935 lactasse
2221 3878 2450 3946 Filium,

1710 3957 1764 4013 k.
1816 3956 1990 4013 Hunc
2016 3976 2314 4032 precamur
2339 3970 2696 4030 assequamur

1883 4043 1948 4092 ut
1975 4036 2210 4092 Thomae
2238 4034 2579 4091 consortium

1715 4114 1750 4171 l.
1812 4112 1949 4192 Ejus
1975 4133 2143 4192 prece
2169 4111 2427 4191 gloriosa.

1721 4349 1750 4387 ‘¹
1788 4348 1896 4419 (Ps.
1924 4346 2057 4400 lxiii.
2085 4345 2196 4400 sive
2217 4345 2348 4399 lxiv.
2379 4345 2455 4415 2.)

1722 4429 1746 4456 θ
1782 4419 2042 4473 hodierna
2070 4416 2315 4472 die—98.

1723 4490 1742 4527 f
1773 4487 2134 4545 colebat—98.
2171 4485 2266 4540 41..
