2975 5009
130 240 221 307 57
224 238 264 308 7

231 414 494 488 Oratio
515 425 679 488 ante
699 415 995 487 mabsam
1014 414 1341 489 dicenda.

209 513 593 590 Omnipotens
649 522 679 552 ⁸
704 513 1051 591 sempiterne
1088 522 1117 552 ⁸
1169 513 1341 584 Deus,

127 611 257 650 ecce
284 590 493 651 accedo
524 594 596 651 ad
636 599 1052 651 sacramentum
1093 592 1341 667 corporis

128 677 189 729 et
216 669 511 750 sanguinis
530 669 814 762 unigeniti
837 668 968 728 Filii
990 669 1076 727 tui
1101 667 1338 727 Domini

126 748 307 807 nostri
351 747 399 807 J
398 769 496 807 esu
520 748 771 820 Christi3
820 747 1039 818 accede,
1083 747 1335 824 inquam,

126 826 393 885 infirmus
418 828 492 885 ad
520 828 800 887 medicum
829 827 981 897 vitae,
1010 825 1337 883 immundus

124 905 196 962 ad
262 903 486 964 fontem
540 904 961 973 misericordiae,
1015 922 1193 962 coecus
1258 902 1332 962 ad

122 982 317 1042 lumen
373 982 647 1044 claritatis
693 982 980 1054 aeternae,¹’
1030 982 1213 1040 nudus
1257 982 1331 1040 ad

123 1081 321 1140 regem
353 1061 569 1141 glories.
654 1062 819 1141 Rogo
858 1080 997 1138 ergo
1035 1060 1331 1119 immensae

125 1140 439 1218 majestatis
465 1148 582 1199 tuae
607 1138 1032 1210 abundantiam,
1053 1145 1329 1216 quatenus

123 1238 309 1276 meam
365 1219 425 1276 di
504 1219 619 1277 eris
665 1238 865 1277 sanare
908 1216 1327 1288 infirmitatem,

119 1295 315 1355 laxare
357 1294 433 1355 foe
476 1297 696 1369 itatem,
737 1295 1061 1354 illuminare
1107 1295 1328 1353 caecita-

120 1382 257 1447 tem,
279 1374 468 1434 ditare
493 1382 907 1454 paupertatem,
928 1373 1138 1433 vestire
1158 1372 1328 1431 nudi·

120 1460 338 1527 tatem3
393 1461 462 1511 ut
498 1474 705 1545 panem
745 1452 1098 1532 angelorum,
1127 1471 1325 1530 regem

116 1551 339 1610 regum,
367 1532 661 1591 dominum
697 1531 1136 1602 dominantium,
1163 1537 1325 1589 tanta

116 1610 443 1669 reverentia
462 1618 523 1669 et
546 1620 816 1681 tremore,
837 1618 1003 1668 tanta
1018 1609 1315 1687 suscipiam

111 1687 453 1748 contritione
505 1695 567 1749 et
617 1707 826 1761 amore,
875 1695 1038 1747 tanta
1091 1687 1208 1746 fide
1254 1696 1316 1747 et

1022 253 1486 306 ORDINARIUM
1547 258 1802 309 Mlssffl.

2542 248 2672 319 578

1458 416 1728 494 puritate,
1769 415 1869 477 tali
1888 461 1893 464 -
1909 417 2196 496 proposito
2221 424 2280 477 et
2320 418 2663 494 humilitate,

1455 496 1601 554 sicut
1627 496 1861 574 expedit
1885 497 2092 555 animae
2119 517 2285 556 meae.
2367 498 2460 557 Da
2494 499 2660 573 mihi,

1452 592 1662 650 quaese,
1717 573 1866 633 illius
1935 576 2216 634 Dominici
2282 577 2531 654 corporis
2596 588 2685 638 et¹

1450 651 1742 730 sanguinis
1780 673 1895 711 non
1936 650 2114 711 solum
2155 654 2438 732 suscipere
2469 675 2652 715 sacra-

1449 740 1730 804 mentum,
1784 732 1884 790 sed
1931 730 2103 791 etiam
2150 732 2422 791 virtutem
2468 753 2655 794 sacra·

1446 809 1649 867 menti.
1729 809 2066 869 Dulcissimo
2106 808 2150 868 J
2152 830 2268 881 esu,
2295 810 2371 868 da
2404 811 2546 870 mihi
2572 813 2652 872 sic

1445 887 1727 966 suscipere
1753 908 1956 966 corpus
1982 887 2282 967 Unigeniti
2303 889 2388 947 tui
2414 889 2648 949 Domini

1444 966 1626 1024 nostri
1677 965 1722 1025 J
1723 987 1820 1025 esu
1864 966 2099 1038 Christi,
2146 969 2298 1045 quod
2342 969 2524 1027 traxit
2573 969 2648 1030 de

1442 1042 1664 1122 virgine
1703 1044 1911 1117 Maria,
1937 1053 2004 1106 ut
2028 1046 2250 1124 corpori
2279 1065 2381 1105 suo
2406 1047 2648 1123 mystico

1443 1140 1664 1181 merear
1689 1124 2036 1203 incorporari
2056 1144 2121 1182 ac
2146 1123 2298 1183 inter
2323 1124 2443 1203 ejus
2461 1145 2643 1185 mem-

1442 1201 1546 1258 bra
1564 1203 1980 1262 connumerari.
2051 1204 2105 1262 Ο
2128 1201 2304 1262 Pater
2323 1204 2641 1263 amantissi-

1440 1297 1554 1350 me,
1608 1281 1851 1340 concede
1902 1280 2045 1338 mihi
2100 1279 2373 1340 dilectum
2425 1280 2636 1342 Filium

1438 1365 1624 1429 tuum,
1646 1378 1815 1437 quem
1835 1358 2067 1437 quidem
2086 1357 2334 1419 velatum
2355 1360 2636 1439 suscipere

1437 1453 1713 1514 propono,
1752 1435 2002 1497 revelata
2040 1436 2273 1496 tandem
2318 1437 2458 1497 facie
2503 1459 2637 1498 con-

1437 1514 1727 1593 templari.
1811 1514 1927 1584 Qui
1953 1523 2141 1574 tecum
2178 1524 2238 1574 et
2262 1536 2389 1575 cum
2419 1516 2637 1595 Spiritu

1438 1591 1647 1651 Sancto
1711 1593 1853 1652 vivit
1909 1601 1971 1653 et
2035 1601 2240 1673 regnat
2304 1595 2366 1654 in
2432 1595 2637 1655 saecula

1428 1669 1786 1732 saeculorum.
1868 1672 2115 1732 Amen.⁰

554 1877 978 1975 Sequuntur
1052 1878 1632 1976 Praeparationes
1704 1875 1808 1947 ad
1881 1876 2201 1948 Missam.

188 2060 462 2122 Sacerdos
486 2063 670 2121 volens
705 2062 959 2140 confiteri
983 2062 1158 2136 dicat,

190 2138 547 2214 Benedicite,
573 2151 760 2221 pater.

195 2217 486 2277 Sacerdos.

187 2297 474 2355 Dominus
494 2297 649 2357 sitin
669 2296 839 2357 corde
864 2305 966 2357 tuo
986 2305 1047 2358 et
1072 2298 1131 2355 in
1154 2296 1315 2358 labiis

109 2374 219 2434 tuis
236 2374 310 2434 ad
330 2376 717 2435 confitendum
738 2376 929 2434 omnia
947 2384 1176 2455 peccata
1192 2384 1311 2435 tua.

110 2452 183 2511 In
211 2453 446 2513 nomine
473 2455 665 2515 Patris
690 2465 751 2515 et
780 2454 914 2513 Filii
940 2455 1039 2514 ὥσ.

185 2531 351 2590 Twnc
396 2532 553 2591 dicat
594 2540 826 2609 peccata
872 2553 996 2592 sua.
1096 2531 1313 2605 Quibus

108 2608 294 2682 dictis,
325 2608 483 2668 dicat
507 2611 776 2669 sacerdos.

109 2765 160 2824 ὦ
178 2689 539 2748 Misereatur
582 2688 688 2761 tui,
729 2688 1085 2769 omnipotens
1131 2689 1308 2766 Deus,

158 2786 205 2824 σ.

182 2842 615 2923 Indulgentiam
641 2852 699 2905 et
723 2844 1130 2906 absolutionem
1160 2844 1260 2905 ὥσ.

180 2922 468 2981 Meritum
520 2924 793 3002 passionis
841 2925 1072 2983 Domini
1125 2925 1307 2984 nostri

101 2998 145 3057 J
144 3020 244 3060 esu
282 3000 519 3075 Christi,
547 3003 819 3081 suffragia
856 3011 1068 3062 sanctae
1107 3003 1306 3063 matris

102 3077 390 3152 Ecclesiae,
418 3081 567 3138 bona
590 3101 718 3159 quae
745 3080 927 3141 fecisti
954 3089 1015 3140 et
1038 3101 1168 3160 quae
1199 3101 1304 3160 per

101 3157 214 3217 Dei
240 3160 486 3237 gratiam
505 3157 691 3230 facies,
712 3160 830 3218 sint
846 3160 952 3219 tibi
971 3160 1033 3217 in
1053 3160 1304 3221 remissi-

98 3255 271 3296 onem
297 3244 655 3316 peccatorum
681 3246 932 3312 tuorum,

1507 2059 1788 2137 Injumyat
1802 2058 2219 2152 paenitentiam,
2246 2058 2454 2134 dicens,

1426 2148 1488 2202 et
1532 2158 1639 2218 pro
1679 2138 2016 2218 poenitentia
2048 2137 2297 2216 speciali,
2332 2139 2484 2199 dices
2525 2139 2634 2200 hoc

1426 2229 1488 2280 et
1514 2218 1639 2288 hoc,
1665 2215 1759 2277 vel
1782 2216 1952 2276 facies
1978 2216 2085 2275 hoc
2112 2223 2172 2276 et
2200 2216 2326 2277 hoc.

1508 2298 1669 2356 Pwnc
1695 2295 1942 2356 absolvat
1967 2303 2018 2353 et
2041 2295 2216 2355 dicat.

1506 2375 1787 2434 Dominus
1811 2382 2005 2433 noster
2031 2373 2075 2433 J
2076 2394 2202 2434 esus
2227 2373 2507 2447 Christus,
2527 2376 2626 2453 qui

1423 2463 1511 2514 est
1537 2472 1791 2513 summus
1823 2451 2099 2531 pontifex,
2127 2473 2232 2531 per
2257 2472 2414 2511 suam
2443 2454 2626 2534 piissi-

1424 2552 1577 2591 mam
1617 2530 2062 2588 misericordiam
2102 2538 2162 2590 te
2196 2531 2468 2591 absolvat.
2545 2533 2631 2593 Et·

1421 2630 1530 2691 ego
1566 2608 1903 2668 auctoritate
1928 2607 2071 2665 mihi
2110 2627 2369 2669 concessa
2402 2610 2629 2671 absolvo

1421 2697 1503 2760 te,
1563 2687 1750 2766 primo
1807 2705 1843 2744 a
1891 2687 2176 2745 sententia
2233 2686 2468 2747 minoris
2525 2709 2630 2748 ex-

1420 2763 1960 2837 communicationis,
1989 2764 2038 2822 si
2077 2764 2374 2843 indigeas3
2416 2766 2626 2827 deinde

1420 2844 1648 2905 absolvo
1683 2852 1743 2902 te
1787 2844 1860 2901 ab
1902 2841 2162 2901 omnibus
2204 2844 2444 2921 peccatis
2487 2846 2624 2918 tuis,

1423 2924 1499 2982 In
1526 2921 1755 2982 nomine
1784 2920 1975 2981 Patris
2000 2926 2060 2979 et
2100 2920 2234 2979 Filii
2273 2930 2333 2982 et
2374 2922 2623 3001 Spiritus

1419 3001 1615 3064 Sancti
1643 3001 1742 3060 ὥσ.

1503 3079 1770 3139 Sacerdos
1809 3076 1993 3135 volens
2019 3077 2273 3136 accedere
2303 3078 2383 3134 ad
2420 3077 2619 3148 altare,

1414 3159 1626 3219 induat
1659 3179 1715 3217 ee
1739 3157 1918 3217 sacris
1943 3156 2199 3230 vestibus,
2225 3156 2435 3231 dicens,
2464 3157 2622 3216 Veni

1416 3236 1548 3297 ὦσέι

926 3503 953 3533 ⁶
976 3489 1446 3565 Ordinarium
1514 3490 1801 3564 Μίδεω·

174 3671 281 3730 Ad
294 3670 546 3731 Missam
561 3672 877 3747 dicendam,
897 3674 1035 3733 dum
1051 3673 1303 3732 sacerdos

91 3752 293 3811 induit
328 3773 384 3809 se
417 3752 597 3809 sacris
631 3753 884 3826 vestibus,
923 3753 1077 3811 dicat
1112 3751 1305 3831 Hym-

88 3850 237 3888 παθη
266 3837 594 3907 sequentem.

177 3906 469 3986 Hymnus.

86 3986 264 4059 Veni,
291 3986 531 4046 Creator
557 3985 825 4065 Spiritus,
874 4043 885 4053 ,

173 4072 398 4123 mentes
426 4073 655 4123 tuorum
679 4065 865 4138 visita,

166 4142 349 4222 -imple
375 4161 621 4220 superna
644 4143 831 4223 gratia

167 4242 299 4301 quae
327 4228 393 4279 tu
418 4222 622 4281 creasti
654 4230 904 4301 pectora.

72 4363 105 4393 ⁸
144 4351 224 4407 sic
245 4349 343 4406 412.
371 4348 460 4404 20.
535 4353 591 4405 et
614 4350 1089 4406 misericors.-·-l6.

69 4426 101 4536 ἰ
145 4420 739 4549 Ξῗὲῗῖᾶωῗέιῖἐέἓω
747 4421 871 4479 coeli
885 4426 941 4477 et
955 4421 1289 4479 terra—16.

525 4561 609 4631 37

1419 3673 1538 3743 Qui
1566 3672 1884 3734 Paraclitus
1909 3671 2129 3742 diceris,

1494 3753 1705 3811 donum
1734 3752 1844 3811 Dei
1872 3749 2150 3822 altissimi,

1492 3828 1620 3890 sons
1650 3830 1822 3902 vivus,
1849 3828 2015 3909 igniS,
2043 3828 2245 3888 caritas

1490 3916 1554 3968 et
1580 3907 1849 3988 spiritalis
1875 3908 2084 3967 unctiO.

1410 3985 1500 4045 'l'u
1526 3984 1871 4066 septiformis
1897 4004 2156 4058 munere,

1494 4065 1718 4124 dextrae
1745 4063 1856 4122 Dei
1883 4071 1947 4121 tu
1974 4063 2201 4141 digitus,

1489 4152 1556 4202 tu
1582 4142 1693 4201 rite
1720 4139 1743 4178 f
1760 4141 2036 4219 promisso
2056 4142 2075 4180 ¹
2099 4141 2309 4215 Patris,

1489 4238 1750 4280 sermone
1775 4219 1966 4277 ditans
1991 4225 2242 4296 guttura.

1407 4349 1436 4388 (ἱ
1471 4366 1541 4405 ex
1574 4346 1849 4403 Breviario
1872 4344 2186 4401 desumitur.

1406 4430 1432 4460 θ
1469 4421 1841 4493 Alphabetum
1866 4414 2376 4472 sacerdotum—97.

1409 4492 1431 4531 ἴ
1468 4492 1546 4550 sic
1568 4491 1655 4547 26.
1683 4489 1773 4547 &a
1830 4485 2376 4561 promissum—eff.
2406 4486 2538 4542 1356.
