2975 5009
274 248 404 316 475
438 265 601 314 uss.
632 265 805 315 ros‘r
832 266 1006 317 nou.
1028 267 1095 314 v.
1123 265 1296 317 Pos‘r
1318 266 1508 314 ram.

362 421 770 497 Qffertorimn.⁸

351 497 675 554 Benedicam
702 499 997 554 Dominum
1015 498 1109 570 qui
1134 498 1271 553 mihi
1296 498 1490 553 tribuit

279 568 618 624 intellectum
651 590 663 625 ε
689 571 1032 642 providebam
1069 570 1244 624 Deum
1280 569 1340 623 in
1363 586 1487 624 oon·

280 645 465 711 spectu
502 657 620 695 meo
654 658 863 712 semper
888 660 899 694 :
925 641 1182 710 quoniam
1217 658 1253 695 a
1287 639 1490 695 dextris

281 715 364 767 est
387 711 522 764 mihi
548 728 618 766 ne
640 728 987 766 commovear.

361 782 603 843 Secreta.

349 861 697 932 Ascendant‚
714 880 1052 939 quaesumus,
1070 859 1337 932 Domine,
1355 879 1489 937 pre-

283 959 375 999 ces
420 938 760 998 humilitatis
809 948 1020 998 nostrae
1072 940 1133 997 in
1187 945 1488 1017 conspectu

282 1017 605 1078 clementiae
622 1028 755 1089 tuae,
775 1026 833 1076 et
853 1018 1154 1076 descendat
1175 1036 1343 1095 super
1365 1015 1489 1074 hoec

283 1096 473 1155 oblata
528 1097 705 1154 virtus
757 1104 874 1155 tuse
934 1095 1263 1167 divinitatis,
1317 1113 1486 1172 quam

284 1174 494 1232 nostris
534 1194 754 1251 quoque
793 1173 1162 1252 purificandis
1200 1173 1487 1231 mentibus

283 1250 557 1330 largiariS.
640 1253 771 1312 Per.

369 1330 754 1388 Communiost’

354 1407 537 1461 Unam
560 1407 693 1478 petii
710 1425 744 1461 a
758 1406 1003 1474 Domine,
1029 1406 1171 1461 hanc
1193 1405 1485 1476 requiram:

282 1482 347 1531 ut
369 1477 670 1532 inhabitem
705 1477 766 1531 in
801 1479 959 1533 domo
984 1477 1214 1543 ,Domini
1238 1477 1489 1532 omnibus

280 1549 470 1604 diebus
493 1549 620 1603 vitae
645 1565 793 1604 mese.

363 1619 836 1679 Postcommunio.

360 1700 645 1776 Mysteria
685 1718 803 1769 nos,
838 1697 1104 1771 Domine,
1145 1716 1483 1776 quaesumus,

280 1786 475 1836 sancta
509 1776 816 1855 purificent
851 1785 911 1835 et
952 1796 1053 1835 suo
1087 1795 1324 1835 munere
1357 1783 1484 1834 tue·

281 1865 470 1915 antur.
554 1855 671 1915 Per
698 1854 1029 1915 Dominum.

383 2056 599 2130 Feria
648 2067 927 2151 quarta.

361 2154 468 2212 Ad
498 2154 900 2211 Timothemn.0

361 2232 681 2302 carissime,
699 2232 948 2289 Obsecro
962 2229 1212 2307 primum
1230 2227 1481 2286 omnium

282 2310 412 2368 fieri
432 2309 860 2379 obsecrationes,
876 2307 1175 2377 orationes,
1193 2304 1482 2384 postulati-

284 2407 438 2459 ones,
466 2388 776 2480 gratiarum
802 2385 1066 2456 actiones,
1092 2404 1198 2464 pro
1224 2382 1484 2443 omnibus

282 2464 628 2525 hominibus:
661 2484 766 2544 pro
785 2463 1010 2542 regibus
1031 2472 1091 2522 et
1111 2463 1369 2522 omnibus
1389 2462 1485 2539 qui

282 2544 346 2602 in
377 2543 724 2603 sublimitate
759 2552 893 2602 sunt
931 2541 1241 2612 constituti,
1268 2548 1335 2598 ut
1360 2540 1484 2617 qui-

284 2630 436 2682 etam
465 2631 525 2682 et
551 2619 913 2700 tranquillam
940 2622 1116 2681 vitam
1142 2638 1393 2698 agamuS,
1420 2619 1482 2676 in

284 2700 441 2760 omni
476 2702 691 2780 pietate
727 2709 788 2760 et
813 2700 1091 2759 castitate.
1171 2684 1303 2757 Hoc
1329 2696 1485 2757 enim

1799 264 1965 313 nou.
2001 263 2101 312 v1.
2133 263 2305 313 Posi*
2339 262 2539 311 vrum.
2673 247 2796 313 476

1603 422 1814 480 bonum
1833 429 1919 479 est
1931 430 1990 479 et
2005 428 2298 499 acceptum
2306 438 2494 477 coram
2515 418 2799 478 Salvatore

1602 507 1797 557 nostro
1825 500 1966 570 Dec,
2007 500 2104 577 qui
2146 518 2341 556 omnes
2384 497 2648 556 homines
2688 496 2801 555 vult

1601 576 1781 636 salvos
1808 576 1957 648 fieri,
1985 587 2044 636 et
2069 578 2143 635 ad
2175 575 2528 653 agnitionem
2551 575 2798 634 veritatis

1602 656 1818 715 venire.
1907 655 2074 714 Unus
2117 655 2271 714 enim
2324 653 2500 725 Deus,
2547 672 2693 712 unus
2743 661 2796 712 et

1601 733 1884 792 mediator
1901 733 2008 791 Dei
2026 746 2083 792 et
2098 731 2598 803 hominum,homo
2615 731 2798 792 Chris·

1601 820 1693 871 tus
1734 811 1905 871 Jesus
1936 834 1951 872 ε
2004 812 2100 888 qui
2148 811 2308 868 dedit
2348 810 2797 889 redemptionem

1599 889 1962 967 semetipsum
2004 910 2110 968 pro
2151 889 2427 959 omnibus,
2457 890 2619 966 cujus
2649 889 2797 947 testi-

1600 968 1854 1026 monium
1883 969 2232 1048 temporibus
2258 967 2373 1025 suis
2399 968 2794 1025 confirmatum

1601 1054 1732 1119 est;
1782 1047 1842 1103 in
1882 1066 1992 1124 quo
2033 1047 2248 1126 positus
2284 1064 2405 1102 sum
2450 1063 2559 1124 ego
2599 1045 2795 1124 praedi·

1599 1134 1757 1183 cator
1782 1132 1843 1185 et
1862 1124 2144 1202 apostolus
2156 1122 2492 1260 geritatem
2521 1124 2667 1194 dico,
2693 1142 2793 1181 non

1600 1202 1874 1281 mentior)
1916 1203 2117 1262 doctor
2212 1203 2434 1260 entium
2478 1202 2541 1258 in
2587 1202 2703 1260 fide
2742 1209 2792 1260 et

1600 1282 1862 1341 veritate.

1679 1358 2063 1435 Evanqelium
2087 1380 2106 1416 .·
2131 1356 2456 1417 Secundum
2481 1357 2750 1416 Lucam!

1680 1437 1753 1495 In
1782 1436 1880 1495 illo
1904 1445 2181 1514 tempore,
2210 1437 2448 1494 Factum
2475 1443 2567 1495 est
2603 1437 2663 1494 in
2694 1456 2795 1495 una

1599 1515 1840 1586 dierum,
1870 1523 1929 1573 et
1956 1515 1999 1573 J
2002 1533 2125 1574 esus
2141 1513 2394 1573 ascendit
2409 1515 2471 1571 in
2493 1515 2791 1573 naviculam

1598 1601 1659 1653 et
1709 1592 1969 1672 discipuli
2023 1593 2145 1671 ejus
2173 1614 2191 1665 ;
2259 1600 2319 1651 et
2368 1593 2453 1651 ait
2506 1594 2585 1651 ad
2636 1593 2789 1664 illos3

1597 1671 2054 1731 Transfretemus
2120 1679 2279 1729 trans
2332 1678 2622 1762 stagnum.
2722 1669 2793 1730 Et

1596 1750 1993 1810 ascenderunt.
2114 1748 2179 1807 N
2181 1751 2544 1828 avigantibus
2615 1757 2791 1808 autem

1597 1829 1726 1901 illis,
1756 1827 2115 1900 obdormivit,
2144 1836 2204 1887 et
2229 1828 2528 1887 descendit
2564 1827 2793 1907 procella

1596 1908 1754 1968 venti
1794 1906 1855 1964 in
1894 1914 2177 1985 stagnum,
2220 1914 2281 1965 et
2320 1905 2792 1985 compellebantur

1594 1985 1878 2057 fluctibus,
1897 1991 1957 2043 et
1972 1983 2455 2063 periclitabantur.
2507 1985 2789 2044 Acceden-

1595 2071 1684 2123 tes
1704 2074 1895 2122 autem
1916 2063 2325 2121 suscitaverunt
2346 2082 2499 2134 eum,
2517 2063 2787 2123 dicentes:

1598 2142 1944 2221 Praeceptor,
1966 2143 2235 2220 perimus.
2319 2139 2409 2199 At
2428 2140 2527 2199 ille
2549 2161 2790 2219 surgens,

1597 2221 1908 2299 increpavit
1972 2227 2204 2278 ventum
2272 2226 2333 2277 et
2398 2227 2790 2298 tempestatem

1595 2320 1777 2378 aquae‚
1805 2307 1865 2358 et
1904 2298 2176 2358 cessavit:
2232 2306 2292 2356 et
2331 2296 2479 2355 facta
2519 2306 2607 2356 est
2644 2308 2791 2356 tran·

1636 2378 1862 2436 uillitas.
1942 2375 2111 2434 Dixit
2134 2383 2326 2434 autem
2358 2374 2507 2448 illis;
2565 2376 2687 2435 Ubi
2712 2384 2794 2435 est

1642 2458 1741 2514 des
1786 2456 2012 2514 vestra?
2115 2454 2231 2522 Qui
2271 2454 2563 2527 timentes,
2607 2455 2791 2514 mirati

1597 2542 1730 2593 sunt
1756 2534 1829 2592 ad
1855 2533 2115 2604 invicem,
2142 2533 2428 2605 dicentes3
2470 2533 2613 2601 Quis
2638 2542 2791 2612 putas

1596 2610 1690 2671 hic
1720 2622 1822 2684 est,
1845 2613 1978 2689 quia
1996 2619 2056 2669 et
2082 2611 2265 2670 ventis
2284 2611 2537 2689 imperat
2558 2620 2619 2671 et
2636 2611 2787 2683 mari,

1598 2698 1658 2750 et
1684 2691 1957 2751 obediunt
1983 2689 2082 2749 ei‘e'

809 2951 1195 3027 Dominica
1259 2960 1447 3022 seam
1503 2953 1666 3041 post
1740 2943 2172 3015 Trinitatem.

364 3138 472 3198 Ad
497 3137 761 3197 Missam.
847 3135 1151 3214 Offic‘c'me³

364 3218 644 3276 Dominus
693 3215 964 3275 fortitudo
1059 3214 1202 3274 lebis
1255 3232 1373 3272 suae
1425 3218 1487 3270 et

284 3304 574 3373 protector
615 3294 943 3354 salutarium
984 3294 1032 3354 C
1075 3294 1200 3352 risti
1238 3293 1323 3351 sui
1359 3299 1482 3349 est:

283 3373 496 3432 salvum
540 3373 625 3431 fac
704 3372 933 3453 opulum
972 3380 1157 3443 tuum,
1197 3369 1481 3429 Domine:

285 3461 346 3512 et
386 3453 622 3512 benedic
705 3451 987 3511 aereditati
1032 3459 1186 3509 tuae:
1243 3457 1303 3507 et
1348 3469 1483 3528 rege

285 3550 380 3591 eos
405 3552 470 3588 us
509 3552 579 3589 ue
607 3531 665 3587 in
692 3529 975 3589 saeculum.

364 3610 486 3668 Psa
509 3607 676 3665 mus!

355 3686 447 3740 Ad
483 3692 551 3755 te,
580 3685 821 3755 Domine,
859 3682 1116 3750 elamabo,
1144 3681 1287 3736 Deus
1317 3698 1483 3751 meus,

282 3775 353 3812 ne
376 3758 533 3812 sileas
554 3775 589 3811 a
605 3773 693 3811 me
720 3777 732 3810 :
759 3752 1044 3824 nequando
1067 3758 1242 3807 taceas
1264 3771 1298 3807 a
1320 3770 1408 3807 me
1431 3758 1487 3807 et

281 3828 617 3885 assimilabor
638 3823 1083 3882 descendentibus
1105 3823 1165 3876 in
1190 3823 1383 3879 lacum.

369 3899 588 3959 Oratio·

364 3980 539 4050 Deus,
573 3976 669 4054 qui
709 3971 1075 4054 diligentibus
1112 3980 1174 4033 te
1214 3976 1361 4035 bona
1398 3973 1483 4032 in·

282 4056 522 4118 visibilia
572 4053 907 4133 praeparasti
946 4049 1179 4112 infunde
1225 4053 1484 4113 cordibus

282 4212 312 4243 ⁸
346 4203 433 4256 Ps.
459 4218 544 4255 xv.
575 4200 707 4273 (xvi.
737 4202 784 4269 7,
813 4200 889 4325 82

280 4274 310 4313 b
347 4274 433 4328 Ps.
459 4271 602 4327 xxvi.
629 4271 815 4345 (xxvii.
880 4272 918 4345 .)

281 4354 306 4384 ο
345 4344 374 4397 1
400 4344 468 4398 ad
494 4344 630 4399 Tim.
656 4361 720 4400 ca
758 4386 769 4399 .
796 4343 852 4398 ii.
881 4345 950 4397 A.
980 4342 1049 4414 (v.
1082 4344 1225 4415 1-7.)

280 4415 309 4452 ‘¹
345 4431 457 4484 cap.
484 4415 594 4470 viii.
623 4416 685 4471 D.
739 4435 784 4470 v.
812 4414 1031 4484 22—25.)

1598 3125 1809 3184 nostris
1834 3125 1922 3184 tui
1960 3124 2171 3184 amoris
2209 3124 2521 3187 affectum:
2563 3133 2629 3185 ut
2651 3134 2711 3186 te
2735 3124 2793 3183 in

1598 3203 1857 3264 omnibus
1903 3212 1962 3263 et
2006 3223 2178 3283 super
2230 3203 2423 3263 omnia
2475 3205 2792 3284 diligentes,

1596 3281 1993 3361 promissiones
2024 3291 2151 3340 tuas
2175 3302 2303 3360 quse
2330 3302 2503 3345 omne
2530 3281 2792 3342 desideri·

1597 3381 1695 3451 um
1725 3367 1999 3438 superant
2036 3380 2459 3438 consequamur.
2543 3364 2656 3423 Per
2682 3361 2795 3420 Do·

1598 3459 1837 3497 minum.

1674 3516 1784 3573 Ad
1807 3517 2140 3575 Romanos.⁸

1667 3595 1922 3666 Fratres,
1943 3594 2299 3674 Quicumque
2316 3595 2592 3673 baptizati
2606 3613 2792 3655 sumus

1596 3673 1658 3730 in
1677 3672 1907 3733 Christo
1931 3673 1975 3732 J
1976 3694 2093 3744 esu,
2115 3673 2175 3730 in
2203 3682 2389 3732 morte
2417 3674 2591 3752 ipsius
2616 3673 2793 3753 bapti-

1600 3751 1711 3809 zati
1738 3770 1944 3810 sumus.
2046 3750 2375 3830 Consepulti
2418 3753 2572 3811 enim
2606 3769 2790 3812 sumus

1597 3849 1724 3888 cum
1766 3829 1865 3888 illo
1944 3849 2007 3888 er
2046 3830 2389 3908 baptismum
2423 3831 2484 3887 in
2513 3838 2788 3889 mortem:

1597 3917 1663 3966 ut
1678 3927 1848 3985 quom
1926 3908 2228 3968 oChristus
2244 3910 2499 3967 surrexit
2513 3929 2549 3967 a
2565 3906 2791 3966 mortuis

1598 4006 1701 4064 per
1725 3985 1965 4065 gloriam
1994 3986 2201 4058 Patris,
2230 3986 2311 4044 ita
2337 3993 2397 4044 et
2424 4007 2528 4045 nos
2554 3986 2615 4044 in
2639 3984 2789 4043 novi-

1597 4073 1716 4123 tate
1743 4064 1877 4123 vitae
1902 4063 2271 4124 ambulemus.
2374 4062 2436 4122 Si
2464 4067 2615 4123 enim
2642 4082 2790 4123 com-

1595 4214 1620 4243 e
1656 4205 1742 4260 Ps.
1769 4205 1936 4260 xxvii.
1963 4204 2171 4278 (xxviii.
2201 4206 2251 4276 8,
2278 4205 2352 4277 9.)

1595 4275 1616 4313 ἲ
1656 4276 1727 4331 ib.
1757 4276 1827 4348 (v.
1858 4276 1931 4349 1.)

1594 4356 1621 4394 8
1656 4364 1768 4420 cap.
1797 4347 1866 4403 vi.
1895 4348 1964 4402 A.
1993 4347 2065 4419 (v.
2093 4346 2274 4417 3-11.)
