2975 5009
359 252 489 319 467

933 269 1294 318 Dolumca
1329 266 1600 317 TERTIA
1632 267 1805 316 POST
1838 264 2305 314 QRINITATEM.

2754 246 2875 308 468

918 488 1306 563 Dominica
1387 490 1590 562 tertia
1661 499 1825 584 post
1903 488 2339 559 Trinitatem.

445 662 548 722 Ad
573 661 843 720 Missam.
929 662 1249 740 Officium!

448 740 690 820 Respice
735 741 798 798 in
849 761 944 800 me
997 750 1058 800 et
1110 742 1384 800 miserere
1437 741 1573 811 mei,

370 820 638 890 Domine,
685 819 951 898 quoniam
999 821 1198 879 unicus
1245 832 1305 879 et
1358 839 1575 898 pauper

370 917 499 957 sum
540 917 664 977 ego,
700 898 830 957 vide
869 896 1249 957 humilitatem
1290 917 1476 957 meam
1518 907 1579 955 et

368 976 625 1036 laborem
648 996 862 1046 meum,
890 986 950 1035 et
975 976 1205 1036 dimitte
1231 977 1422 1035 omnia
1446 995 1577 1055 pec-

375 1064 503 1114 cata
528 1075 675 1125 mea,
703 1054 862 1114 Deus
888 1074 1066 1114 meus.

455 1133 775 1191 Psalmis)

448 1210 543 1264 Ad
566 1216 635 1278 te,
659 1208 901 1279 Domine,
927 1209 1100 1265 levavi
1117 1209 1357 1264 animam
1376 1226 1579 1264 meam:

380 1279 525 1411 Βοιὸε
539 1297 704 1364 meus,
724 1280 787 1333 in
802 1287 857 1335 te
879 1281 1101 1352 confido,
1123 1298 1234 1336 non
1257 1281 1579 1335 erubescam.

516 1361 684 1410 ratw-

464 1429 933 1508 Deprecationem
954 1439 1226 1502 nostram,
1243 1450 1582 1508 quaesumuS,

383 1508 653 1580 Domine,
682 1509 959 1588 benignus
995 1509 1238 1569 exaudi:
1282 1518 1342 1568 et
1380 1509 1584 1586 quibus

382 1585 735 1666 supplicandi
781 1597 1017 1664 praestas
1061 1587 1348 1658 affectum,
1393 1587 1585 1646 tribue

383 1665 726 1725 defensionis
751 1664 1045 1723 auxilium.
1108 1665 1223 1726 Per
1249 1665 1582 1723 Dominum.

444 1741 660 1879 lLectio
703 1741 979 1820 Epistolae
1015 1745 1162 1802 beati
1194 1744 1361 1802 Petri
1394 1744 1586 1822 Apos-

387 1829 441 1879 to
465 1822 537 1879 220

467 1898 778 1971 carissimi,
800 1897 1205 1958 Humiliamini
1234 1901 1337 1958 sub
1361 1900 1587 1978 potenti

390 1998 563 2037 manu
604 1977 735 2050 Dei,
764 1985 829 2035 ut
867 1998 963 2036 vos
990 1978 1206 2038 exaltet
1230 1979 1290 2034 in
1331 1986 1588 2056 tempore

394 2056 728 2115 visitationis
775 2077 790 2114 ε
866 2075 1094 2115 omnem
1151 2055 1588 2114 sollicitudinem

391 2143 640 2195 vestram
667 2133 1030 2212 projicientes
1056 2135 1117 2191 in
1146 2153 1294 2204 eum,
1323 2135 1590 2210 quoniam

391 2213 501 2292 ipsi
542 2232 678 2270 cura
703 2221 790 2270 est
815 2210 888 2269 de
925 2212 1100 2270 vobiS.
1199 2209 1384 2269 Sobrii
1411 2222 1591 2272 estote

393 2301 456 2351 et
502 2291 554 2347 vi
596 2287 764 2348 ilate:
825 2288 960 2366 quia
1005 2289 1357 2349 adversarius
1406 2300 1593 2350 vester

392 2311 645 2428 diabolgus
683 2376 955 2444 tanquam
991 2366 1080 2426 leo
1119 2369 1347 2447 rugiens
1373 2370 1592 2440 circuit,

435 2466 657 2505 naerens
734 2464 864 2503 uem
890 2445 1161 2506 devoret:
1216 2447 1306 2506 cui
1345 2447 1592 2507 resistite

393 2466 571 2584 ssortes
597 2524 660 2582 in
734 2523 844 2583 de:
885 2524 1125 2583 scientes
1152 2526 1392 2586 eandem
1420 2525 1593 2603 passi·

396 2623 566 2662 onem
614 2603 669 2661 ei
714 2621 841 2693 quse
888 2602 948 2659 in
996 2605 1208 2663 mundo
1255 2613 1342 2663 est
1384 2613 1596 2663 vestrae

394 2681 743 2742 fraternitati
771 2681 916 2741 fieri.
1013 2682 1169 2741 Deus
1194 2692 1384 2742 autem
1414 2684 1597 2740 omnis

395 2762 620 2841 gratiae,
668 2761 766 2837 qui
813 2759 1032 2819 vocavit
1078 2781 1175 2819 vos
1215 2762 1277 2819 in
1321 2771 1596 2820 aeternam

395 2860 555 2900 suam
592 2838 831 2918 gloriam
856 2838 919 2895 in
943 2838 1174 2898 Christo
1213 2839 1257 2898 J
1258 2860 1375 2911 esu,
1417 2840 1598 2898 modi-

354 2935 359 2942 ·
396 2938 524 2977 cum
546 2938 752 2996 passos,
774 2917 894 2995 ipse
921 2917 1197 2994 perficiet,
1218 2917 1598 2988 confirmabit,

394 2994 788 3075 solidabitque.
868 2994 990 3075 Ipsi
1016 2994 1198 3073 gloria
1217 3004 1277 3056 et
1297 2996 1599 3074 imperium

398 3076 462 3133 in
491 3075 697 3134 saecula
720 3071 1073 3133 saeculorum.

480 3151 780 3212 Gradale.‘¹

470 3230 634 3285 Jacta
655 3230 949 3301 cogitatum
977 3235 1134 3284 tuum
1156 3228 1218 3285 in
1251 3228 1483 3284 Domino
1510 3248 1521 3282 ε
1548 3233 1603 3282 et

398 3302 419 3355 i
535 3309 591 3356 te
615 3303 866 3356 enutriet.

459 3413 471 3427 .
582 3372 726 3425 Dum
762 3371 1046 3427 clamarem
1076 3371 1144 3425 ad
1183 3370 1473 3423 Dominum
1513 3387 1601 3423 ex-

399 3442 610 3497 audivit
632 3459 813 3496 vocem
839 3458 1013 3495 meam
1042 3460 1054 3494 :
1080 3441 1149 3495 ab
1185 3440 1271 3493 his
1294 3441 1385 3510 qui
1412 3457 1601 3512 appro-

398 3512 673 3585 pinquant
697 3511 849 3565 mihi.

475 3584 746 3654 Alleluya.
797 3583 856 3635 V.
949 3579 1184 3650 Diligam
1234 3585 1303 3648 te,
1355 3580 1600 3648 Domine,

401 3654 573 3709 virtus
632 3671 752 3707 mea
809 3672 821 3705 :
881 3652 1143 3705 Dominus
1202 3650 1600 3704 firmamentum

402 3743 583 3779 meum
627 3729 684 3779 et
726 3722 995 3793 refugium
1038 3736 1220 3773 meum
1257 3726 1314 3774 et
1353 3720 1607 3775 liberator

404 3813 569 3850 meus.

487 3864 804 3925 Secwndum
831 3863 1100 3921 [mame

457 3945 533 4003 In
549 3944 645 4002 illo
659 3953 938 4019 tempore,
951 3939 1134 3997 Erant
1148 3940 1603 4018 appropinquan-

404 4032 493 4084 tes
524 4023 596 4080 ad
629 4021 673 4080 J
675 4039 831 4080 esum
863 4015 1143 4096 publicani
1172 4027 1232 4077 et
1263 4028 1604 4096 peccatores,

401 4206 431 4235 ⁸
467 4196 554 4250 Ps.
580 4192 724 4248 xxiv.
748 4192 897 4316 {xxm
927 4191 1011 4262 16,
1040 4191 1149 4264 18.)

403 4268 434 4306 b
467 4267 539 4322 ib.
572 4266 643 4337 (v.
673 4263 720 4334 1,
787 4263 826 4335 .)

404 4347 430 4377 ο
468 4336 497 4389 1
525 4334 676 4391 Petri
698 4352 812 4407 cap.
837 4351 886 4390 v.
914 4333 970 4389 C.
1000 4334 1070 4406 (v.
1099 4333 1281 4406 6-11.)

403 4408 433 4446 ‘¹
470 4407 557 4461 Ps.
583 4406 674 4461 liv.
702 4406 795 4477 (lv.
821 4405 934 4476 22.)
960 4405 1046 4459 Ps.
1067 4405 1194 4460 xvii.
1217 4403 1386 4477 (xviii.
1416 4404 1464 4473 1,
1492 4403 1569 4477 2.)

405 4486 430 4515 θ
466 4494 579 4548 cap.
606 4493 691 4532 xv.
719 4480 789 4530 A.
826 4476 899 4547 (v.
930 4475 1110 4546 1-10.)

1685 670 1752 719 ut
1776 661 2043 719 audirent
2068 659 2249 717 illum.
2351 656 2433 717 Et
2459 657 2870 714 murmurabant

1686 740 1884 799 scribae
1938 747 1999 798 et
2046 736 2342 808 Pharisaei,
2379 736 2634 817 dicentes
2664 756 2680 806 ;
2736 734 2871 802 Quia

1687 818 1781 876 hic
1796 827 2117 897 peccatores
2137 816 2251 874 reci
2293 816 2341 871 it
2360 823 2419 873 et
2441 814 2741 871 manducat
2757 833 2870 870 cum

1688 896 1819 954 illis.
1899 895 1981 955 Et
2005 895 2088 952 ait
2112 895 2184 952 ad
2214 894 2226 905 '
2275 913 2334 950 os
2413 890 2698 949 arabolam
2723 895 2871 949 istam

1690 975 1908 1046 dicens;
1950 973 2088 1041 Quis
2110 993 2186 1032 ex
2211 970 2369 1029 vobis
2441 990 2571 1028 omo
2597 970 2693 1047 qui
2719 969 2874 1028 habet

1691 1061 1921 1111 centum
1948 1071 2097 1122 oves,
2119 1059 2179 1109 et
2204 1050 2252 1108 si
2279 1048 2599 1129 perdiderit
2624 1068 2785 1106 unam
2809 1067 2873 1107 ex

1693 1130 1823 1202 illis,
1852 1150 2043 1189 nonne
2069 1129 2312 1187 dimittit
2352 1127 2663 1204 nonaginta
2692 1145 2873 1185 novem

1693 1210 1754 1268 in
1780 1210 2025 1279 deserte,
2046 1216 2106 1268 et
2130 1207 2286 1265 vadit
2310 1207 2382 1264 ad
2409 1203 2567 1262 illam
2593 1224 2718 1282 quae
2742 1203 2874 1283 peri-

1695 1296 1842 1360 erat,
1869 1287 2049 1346 donec
2075 1285 2329 1344 inveniat
2362 1283 2519 1341 illam
2542 1285 2568 1342 ἓ
2667 1282 2744 1342 Et
2765 1302 2873 1340 cum

1695 1366 1981 1425 invenerit
2027 1385 2172 1435 eam,
2219 1364 2467 1442 imponit
2519 1361 2583 1418 in
2634 1360 2874 1420 humeros

1694 1464 1823 1504 suos
1875 1444 2125 1522 gaudens
2154 1465 2169 1502 z
2238 1449 2298 1499 et
2354 1440 2590 1499 veniens
2643 1439 2870 1509 domum,

1696 1530 1965 1581 convocat
1990 1521 2199 1579 amicos
2220 1528 2281 1578 et
2300 1519 2531 1590 vicinoS,
2550 1518 2739 1577 dicens
2757 1515 2872 1574 illis:

1697 1598 2184 1680 congratulamini
2201 1597 2363 1671 mihi,
2375 1598 2509 1675 quia
2523 1596 2717 1655 inveni
2736 1615 2873 1653 ovem

1697 1699 1884 1738 meam
1900 1698 2029 1756 quse
2050 1677 2317 1756 perierat.
2389 1676 2534 1733 Dico
2555 1675 2731 1746 vobis,
2748 1672 2874 1751 quod

1695 1758 1780 1816 ita
1823 1757 2092 1837 gaudium
2135 1755 2248 1815 erit
2286 1754 2350 1811 in
2392 1752 2535 1812 coelo
2579 1772 2746 1831 super
2779 1771 2875 1809 uno

1697 1845 1989 1914 peccatore
2029 1833 2423 1912 poenitentiam
2464 1841 2691 1909 agente,
2730 1850 2875 1907 quam

1698 1934 1871 1992 supra
1895 1912 2205 1991 nonaginta
2231 1931 2433 1969 novem
2453 1910 2628 1988 justis
2666 1908 2758 1987 qui
2782 1928 2875 1966 non

1699 1991 1961 2072 indigent
1979 1990 2335 2069 poenitentia.
2407 1989 2539 2047 Aut
2557 2007 2685 2066 quae
2703 1985 2877 2045 mulier

1701 2069 1914 2129 habens
1929 2071 2198 2148 dragmas
2215 2068 2431 2138 decem,
2451 2075 2512 2125 et
2527 2067 2574 2125 si
2593 2064 2878 2145 perdiderit

1702 2149 2000 2227 dragmam
2048 2168 2240 2218 unam,
2277 2166 2470 2204 nonne
2518 2144 2770 2203 accendit
2807 2142 2877 2200 lu-

1704 2247 1952 2298 cernam,
1981 2234 2041 2284 et
2068 2225 2277 2285 evertit
2317 2224 2573 2294 domum,
2602 2232 2663 2282 et
2698 2221 2879 2300 quaerit

1704 2305 2013 2385 diligenter
2037 2305 2217 2362 donec
2236 2301 2489 2361 inveniat
2513 2299 2670 2361 ‘eam
2685 2303 2741 2360 ¹3
2813 2299 2878 2358 Et

1705 2404 1835 2443 cum
1902 2383 2203 2455 invenerit,
2257 2387 2527 2439 convocat
2592 2379 2790 2437 amicas
2834 2385 2883 2435 et

1708 2463 1941 2533 vicinas,
1967 2461 2189 2520 dicens:
2229 2457 2718 2543 Congratulamini
2743 2455 2881 2525 mihi,

1706 2542 1842 2618 quia
1867 2539 2061 2598 inveni
2101 2539 2398 2617 dragmam
2438 2557 2611 2615 quam
2654 2534 2882 2614 perdide·

1707 2640 1851 2677 ram.
1959 2618 2057 2676 Ita
2094 2618 2220 2676 dico
2265 2616 2440 2687 vobis,
2487 2615 2752 2694 gaudium
2788 2612 2883 2671 erit
2951 2648 2952 2659 ι

1707 2717 1896 2756 coram
1918 2696 2132 2788 angelis
2153 2695 2267 2754 Dei
2286 2714 2458 2774 super
2477 2714 2592 2751 uno
2618 2700 2882 2772 peccatore

1708 2776 2105 2853 poenitentiam
2131 2782 2356 2853 agente.

1794 2852 2204 2929 Offmoviunzss

1797 2930 2025 3002 Sperent
2070 2929 2131 2983 in
2179 2934 2234 2983 te
2280 2943 2467 2982 omnes
2514 2926 2612 2998 qui
2651 2927 2887 2981 noverunt

1713 3018 1912 3056 nomen
1959 3006 2133 3069 tuum,
2179 2999 2411 3053 Domine
2451 3018 2463 3051 ε
2508 2997 2760 3069 quoniam
2796 3009 2888 3048 non

1714 3071 2043 3141 derelinquis
2079 3075 2380 3141 quaerentes
2417 3074 2475 3123 te
2516 3088 2528 3122 :
2568 3068 2775 3141 psallite
2802 3064 2887 3118 Do-
2947 3122 2948 3125 ,

1714 3143 1865 3197 mino
1889 3143 1984 3212 qui
2008 3141 2219 3195 habitat
2242 3140 2301 3193 in
2326 3139 2458 3195 Sion
2488 3159 2499 3192 :
2525 3139 2774 3208 quoniam
2795 3151 2886 3189 non
2947 3136 2948 3195 1

1716 3218 1797 3267 est
1821 3213 2021 3268 oblitus
2042 3214 2340 3267 orationem
2363 3227 2681 3282 pauperum.

1794 3285 2032 3345 Secreta.

1794 3363 2042 3421 Munera
2094 3361 2220 3432 tibi,
2264 3361 2534 3431 Domine,
2582 3373 2885 3437 quaesumu8‚

1716 3440 1905 3500 oblata
1921 3440 2224 3510 sanctifica,
2243 3447 2308 3497 ut
2324 3440 2409 3496 tui
2429 3438 2591 3497 nobis
2614 3437 2730 3496 Uni
2769 3432 2884 3493 eniti

1715 3540 1915 3611 corpus
1943 3529 2001 3577 et
2020 3522 2246 3599 sanguis
2273 3516 2422 3575 fiant
2441 3516 2561 3576 had
2595 3516 2752 3575 mede
2801 3508 2885 3568 ιιι.ιι
2943 3506 2944 3533 ³

1719 3600 1836 3667 Qm
1863 3608 2067 3656 tecum.

1803 3675 2180 3734 Communio.¹

1790 3754 1903 3824 Ego
1944 3751 2173 3807 clamavi
2212 3749 2470 3821 quoniam
2514 3747 2772 3806 exaudisti
2808 3760 2888 3807 me,

1720 3825 1863 3878 Deus
1905 3844 1915 3877 ε
1956 3824 2162 3878 inclina
2206 3839 2392 3877 aurem
2442 3829 2596 3878 tuam
2634 3826 2688 3874 et
2723 3814 2887 3872 exaudi

1719 3895 1881 3949 verba
1909 3912 2042 3950 mea.

1795 3964 2268 4024 PostcommuniO.

1796 4043 1999 4117 Sacris,
2027 4043 2296 4114 Domine,
2330 4042 2659 4100 muneribus
2685 4055 2888 4119 percep-

1717 4192 1739 4230 ί
1782 4209 1893 4247 non
1919 4192 2123 4246 habent
2155 4190 2240 4243 92.
2268 4189 2354 4245 97.
2382 4188 2469 4243 98.
2498 4188 2564 4242 V.

1717 4272 1746 4310 ⁸
1781 4263 1868 4318 Ps.
1895 4262 1967 4316 ix.
1997 4264 2067 4333 (v.
2099 4261 2181 4329 10,
2213 4260 2276 4313 11
2326 4259 2437 4329 12.)

1717 4332 1749 4370 ¹²
1785 4350 1897 4387 non
1922 4333 2127 4388 habent
2151 4331 2235 4385 92.
2264 4301 2349 4383 554.
2378 4329 2467 4385 97.
2495 4329 2580 4382 98.

1718 4403 1736 4441 ¹
1784 4404 1870 4458 Ps.
1897 4403 2005 4458 xvi.
2035 4402 2186 4475 (xvii.
2214 4401 2290 4472 6.)
