2975 5009
361 259 488 322 391

798 277 1153 326 DOMINIOA
1189 277 1523 327 SECUNDA
1554 278 1732 329 POST
1765 280 2091 332 ochvas
2125 283 2446 334 PASOHAE.

2746 275 2848 338 392

955 521 1342 594 Dominica
1414 525 1725 596 secunda
1792 538 1956 620 post
2033 529 2339 602 Pascha.

474 699 608 759 Hac
662 701 755 760 die
809 711 859 760 et
926 705 1183 762 omnibus
1239 702 1574 764 Dominicis

375 778 567 837 diebus
594 800 763 857 usque
785 781 863 839 ad
888 781 1283 840 Ascensionem
1304 781 1572 856 Domini,

371 864 399 894 ⁸
420 858 509 933 (si
534 879 572 915 a
596 857 741 935 festo
768 880 894 918 cum
921 861 1192 936 reyimine
1219 862 1376 919 chori
1409 882 1575 919 vaca-

376 935 552 1012 verit)
569 947 597 976 ὃ
612 936 840 994 dicatur
858 939 1033 995 missa
1053 939 1120 997 de
1138 939 1578 1012 Resurrectione,

377 1014 522 1071 sicat
551 1013 614 1070 in
652 1013 746 1072 die
786 1015 1035 1088 Paschoe,
1147 1026 1277 1075 oeter
1323 1017 1580 1075 Gradale

381 1100 431 1149 et
455 1090 947 1153 communicantes
977 1103 1027 1153 et
1131 1116 1236 1154 anc
1267 1096 1458 1174 igitur,
1485 1095 1582 1154 sed

380 1169 543 1227 nulla
572 1171 690 1248 fiat
725 1173 998 1230 memoria
1037 1173 1104 1230 de
1146 1171 1462 1232 Dominica
1504 1174 1583 1231 ad

385 1246 617 1305 missam
642 1248 709 1305 de
738 1249 1175 1309 Resurrectione.
1260 1250 1345 1309 Et
1371 1273 1584 1329 semper

386 1325 603 1383 dicitur
645 1324 715 1385 Se
752 1330 963 1401 nentia,
1008 1329 1278 1389 Victimae
1326 1329 1585 1389 Paschali

385 1403 599 1463 laudes.
682 1349 768 1463 gt
793 1408 847 1464 si
867 1407 1078 1483 festam
1120 1408 1361 1484 alicujus
1400 1409 1587 1467 sancti

387 1502 516 1539 cam
541 1483 812 1559 reyimine
831 1485 988 1543 chori
1007 1486 1073 1543 in
1092 1486 1380 1544 dominica
1401 1508 1585 1544 evene-

389 1560 486 1632 rit,
532 1570 664 1619 tunc
711 1562 778 1620 de
813 1572 1000 1621 sancto
1040 1565 1257 1622 dicitur
1300 1565 1493 1637 missa,
1538 1573 1588 1623 et

390 1641 661 1698 memoria
700 1641 768 1698 de
807 1643 1199 1701 resurrectione
1236 1643 1333 1702 sed
1370 1664 1483 1701 non
1521 1643 1590 1700 de

393 1717 699 1775 dominica.

472 1794 813 1853 Notandum
839 1805 932 1868 est,
950 1799 1098 1874 qaod
1123 1799 1190 1857 in
1215 1799 1470 1857 omnibus
1495 1799 1592 1856 do-

394 1873 625 1933 minicis
668 1896 704 1932 a
747 1875 972 1933 Pascha
1005 1898 1176 1954 usque
1212 1878 1290 1934 ad
1331 1876 1591 1935 Ascensi·

395 1972 554 2009 onem
597 1953 844 2010 Domini
881 1955 988 2011 erit
1019 1957 1282 2033 primum
1316 1954 1590 2026 Alleluya.

407 2030 467 2083 V.
541 2029 750 2084 Pascha
772 2038 1014 2084 nostrum
1042 2041 1091 2090 et
1116 2033 1416 2089 secandam
1444 2033 1596 2086 Alle—

396 2108 528 2179 luya
565 2108 632 2167 de
671 2129 776 2166 sua
815 2109 1102 2168 dominica
1127 2131 1149 2180 ;
1195 2110 1404 2167 scilicet
1450 2111 1599 2187 quod

388 2187 524 2263 plus
549 2186 702 2262 facit
727 2187 1060 2245 mentionem
1086 2188 1153 2244 de
1184 2189 1598 2261 resurrectione,

400 2264 548 2340 qaod
575 2273 651 2320 est
687 2265 972 2324 ultimam.
1069 2265 1150 2321 Et
1190 2286 1401 2342 semper
1437 2266 1600 2342 infra

392 2342 733 2417 praedictum
760 2350 972 2419 tempus
1008 2342 1075 2400 de
1110 2364 1428 2420 quocunque
1455 2345 1600 2402 dici-

396 2421 497 2475 'tar
512 2419 700 2491 missa,
705 2421 823 2495 fiat
838 2421 1109 2478 memoria
1127 2421 1194 2478 de
1210 2423 1603 2480 resurrectione

401 2517 529 2554 cum
555 2498 660 2555 hac
690 2498 958 2557 Oratione
984 2499 1156 2570 DeuS,
1186 2500 1285 2575 qui
1321 2519 1422 2577 per
1451 2500 1603 2559 Uni-

400 2575 679 2651 genitum,
727 2576 847 2633 nisi
898 2577 961 2634 in
1015 2577 1347 2635 Inventione
1399 2586 1604 2637 sanctoe

408 2651 624 2711 Crucis.
707 2653 901 2712 Missa
939 2676 1065 2714 vero
1103 2656 1466 2713 dominicalis
1494 2677 1606 2746 per

407 2731 812 2789 hebdomadam
861 2734 1078 2791 dicitur
1118 2753 1245 2790 cam
1263 2734 1605 2811 proefatione

407 2810 762 2885 quotidiana.
845 2811 927 2868 Et
977 2811 1032 2868 si
1075 2812 1239 2870 nulla
1287 2811 1451 2888 feria
1496 2833 1605 2889 per

407 2888 809 2946 hebdomadam
836 2890 1119 2947 vacaverit
1146 2911 1183 2946 a
1194 2889 1358 2966 festo,
1383 2898 1515 2948 tunc
1543 2890 1609 2948 in

409 2965 698 3025 dominica
719 2967 782 3024 in
811 2968 1059 3045 capitulo
1087 2969 1319 3026 dicitur.

407 3133 435 3162 ⁸
471 3142 580 3180 non
606 3126 809 3181 habent
834 3126 918 3180 92.
947 3126 1031 3182 94.
1061 3126 1145 3181 98.
1176 3127 1259 3181 15.
1288 3127 1373 3182 57.

409 3196 439 3233 b
475 3196 568 3279 ΡΒ..
588 3197 755 3252 xxxii.
776 3197 992 3320 §xxxiii
1019 3197 1068 3267 5,
1095 3198 1171 3269 6.)

412 3276 435 3305 o
474 3267 746 3321 De1.—92.
815 3270 860 3324 7.
890 3269 1050 3323 Grad.

410 3413 592 3462 cantes
615 3413 663 3461 et
697 3407 858 3462 Hanc
893 3408 1091 3479 igitur3
1129 3413 1177 3460 et
1211 3413 1338 3463 tanc
1371 3426 1480 3462 non

413 3479 661 3532 memoria
713 3479 776 3531 de
828 3479 1108 3532 Dominica
1153 3478 1227 3531 ad
1282 3479 1506 3532 Missam
1552 3480 1616 3532 de

412 3549 820 3602 Resurrectione.
866 3548 971 3601 Sed
983 3565 1181 3615 semper
1192 3553 1431 3601 cantetur
1444 3549 1615 3603 Victi·

411 3635 518 3673 mae
554 3618 834 3683 Paschali;
875 3616 1045 3687 Kyrie
1079 3634 1193 3670 vero
1215 3635 1334 3670 cum
1358 3624 1521 3672 cantu
1555 3621 1618 3672 de

413 3689 536 3741 Lux
554 3694 609 3742 et
625 3689 773 3757 origo
788 3689 978 3756 absque
1014 3687 1070 3739 V.
1111 3687 1293 3742 Gloria
1306 3688 1365 3740 in
1381 3689 1613 3757 excelsis,

413 3760 644 3814 Sanctus
679 3764 727 3812 et
769 3758 978 3827 Agnus,
1016 3761 1077 3809 ut
1111 3758 1173 3810 in
1209 3759 1486 3812 dominicis

415 3835 645 3883 aestatem
684 3830 954 3896 dicantar,
993 3828 1206 3896 quando
1249 3830 1314 3883 de
1352 3830 1619 3884 dominica

404 3901 509 3970 fiet
530 3900 815 3952 servitium.

487 3971 563 4023 Et
584 3972 636 4022 si
655 3967 863 4038 festum
884 3967 1118 4035 alicujus
1139 3971 1312 4021 sancti
1332 3986 1453 4022 cum
1487 3971 1620 4037 reqi-

418 4043 560 4094 mine
600 4039 745 4092 chori
788 4038 886 4090 hac
933 4037 1018 4089 die
1062 4039 1340 4107 dominica,
1393 4041 1464 4093 vel
1510 4040 1624 4092 alia

419 4128 582 4181 usque
605 4109 914 4178 proximam
936 4108 1251 4162 dominicam
1277 4115 1396 4162 ante
1428 4110 1623 4162 Ascen-

419 4183 615 4235 sionem
663 4179 900 4245 Domini,
944 4181 1174 4247 evenerit,
1210 4179 1326 4248 fiat
1362 4181 1625 4247 processio

418 4268 539 4304 cum
580 4251 742 4302 missa
789 4249 852 4301 de
890 4254 1075 4302 sancta
1114 4251 1495 4317 resurrectione,
1535 4250 1625 4301 sed

359 4343 365 4355 ⁴
420 4339 528 4374 non
546 4321 609 4374 de
625 4320 904 4374 dominica.
977 4318 1145 4374 Missa
1164 4337 1277 4373 vero
1293 4320 1626 4373 dominicalis

412 4409 514 4460 per
535 4391 907 4445 hebdomadam
929 4391 1131 4444 dicetur
1152 4408 1272 4444 cum
1296 4391 1425 4443 Proe
1453 4391 1625 4443 atione

423 4461 749 4530 quotidiana.
815 4462 890 4515 Et
906 4479 1102 4531 semper
1116 4463 1182 4515 ab
1199 4462 1389 4514 octavis
1453 4458 1624 4516 aschae

1771 708 1958 768 Missa
2004 710 2368 772 dominicalis
2415 715 2755 773 hebdomadae
2790 739 2854 773 se-

1694 787 1888 844 candoe
1905 797 2033 866 post
2059 790 2301 849 Pascha.

1773 864 1880 921 Ad
1907 867 2176 927 Missam.
2259 869 2619 945 Officiumb*

1775 945 2174 1006 Misericordia
2212 962 2238 992 ο
2259 946 2499 1008 Βόωὶηἰ
2520 959 2545 989 ⁰
2590 949 2746 1028 plena
2786 959 2861 1009 est

1696 1033 1870 1096 terra,
1924 1024 2166 1103 alleluya
2193 1047 2205 1083 :
2259 1030 2433 1086 verbo
2489 1028 2715 1086 Domini
2759 1029 2863 1088 coeli

1699 1103 1915 1161 firmati
1942 1112 2093 1176 sunt,
2121 1105 2376 1182 alleluya,
2405 1105 2659 1185 alleluya.

1779 1180 2099 1239 Psalmus.‘¹

1789 1257 2073 1314 Exsultate
2112 1261 2253 1332 justi
2300 1262 2360 1316 in
2410 1261 2643 1319 Domino
2678 1283 2689 1317 :
2727 1269 2868 1318 rectos

1699 1330 1851 1384 decet
1874 1329 2210 1387 collaudatio.

1785 1401 2005 1461 Oratio.

1784 1482 1956 1552 Deus,
2005 1481 2101 1558 qui
2155 1483 2214 1540 in
2263 1482 2399 1541 Filii
2446 1484 2532 1542 tui
2587 1483 2873 1543 humilitate

1695 1558 1982 1638 jacentem
2026 1561 2302 1618 mundum
2329 1563 2604 1636 erexisti3
2645 1562 2876 1621 fidelibus

1705 1639 1819 1697 tuis
1856 1647 2190 1716 perpetuam
2232 1641 2477 1699 concede
2521 1641 2788 1712 laetitiam,
2823 1648 2878 1698 ut

1712 1736 1851 1794 quos
1867 1738 1940 1795 pe
2012 1726 2160 1776 etuae
2182 1720 2381 1777 mortis
2399 1720 2657 1797 eripuisti
2671 1719 2876 1790 casibus,

1712 1796 1933 1875 gaudiis
1973 1797 2118 1855 acias
2133 1797 2494 1875 sempiternis
2510 1798 2737 1878 perfrui.
2786 1798 2882 1858 Per

1713 1876 1976 1934 eundem.

1791 1953 1983 2011 Lectio
1999 1954 2270 2030 Epistolae
2287 1954 2436 2012 beati
2452 1953 2621 2013 Petri
2635 1954 2885 2033 apostoli.e

1810 2032 2121 2104 Carissimi,
2163 2031 2422 2091 Christus
2453 2053 2648 2112 passus
2685 2041 2767 2091 est
2800 2051 2885 2110 pro

1713 2112 1892 2182 nobiS,
1919 2111 2076 2169 vobis
2114 2110 2440 2188 relinquens
2482 2111 2799 2190 exemplum
2833 2118 2884 2167 ut

1715 2189 2026 2266 sequamini
2047 2190 2284 2268 vestigia
2308 2191 2456 2267 ejus:
2499 2192 2596 2269 qui
2623 2198 2883 2269 peccatum

1717 2288 1832 2326 non
1878 2267 2029 2340 fecit,
2078 2288 2181 2327 nec
2223 2269 2488 2326 inventus
2530 2278 2618 2328 est
2657 2266 2808 2326 dolus
2841 2268 2887 2324 in

1717 2366 1816 2405 ore
1843 2349 1965 2424 ejus
1987 2369 2002 2405 t
2045 2349 2140 2425 qui
2168 2367 2295 2404 cum
2322 2345 2770 2417 malediceretur,
2796 2366 2889 2404 non

1717 2423 2110 2484 maledicebat:
2150 2445 2275 2483 cum
2304 2433 2614 2503 pateretur,
2636 2446 2747 2484 non
2766 2444 2892 2483 com-

1718 2505 2077 2564 minabatur:
2125 2504 2387 2562 tradebat
2412 2515 2605 2563 antem
2639 2503 2891 2583 judicanti

1718 2601 1779 2640 se
1830 2582 2070 2642 in‘uste:
2129 2583 2224 2660 qui
2280 2591 2507 2660 peccata
2558 2592 2750 2640 nostra
2796 2583 2893 2660 ipse

1720 2603 1956 2739 pertuiit
1988 2662 2048 2718 in
2075 2680 2306 2738 corpore
2333 2680 2433 2718 suo
2460 2681 2628 2739 super
2664 2659 2893 2739 lignum:

1722 2747 1788 2797 ut
1826 2740 2063 2818 peccatis
2094 2739 2323 2809 mortui,
2365 2740 2605 2817 justitiae
2632 2741 2892 2797 vivamus:

1723 2818 1879 2896 cujus
1918 2817 2092 2876 livore
2133 2818 2315 2876 sanati
2363 2820 2385 2857 1'
2401 2819 2638 2876 snmus.t
2731 2816 2896 2877 Eratis

1724 2896 1879 2954 enim
1908 2896 2053 2956 sicut
2079 2915 2206 2954 oves
2234 2905 2508 2968 errantes,
2538 2897 2639 2956 sed
2674 2894 2899 2955 conversi

1728 3120 1758 3159 d
1794 3118 1881 3170 Ps.
1909 3116 2075 3171 xxxii.
2104 3114 2313 3189 (xxxiii.
2345 3115 2419 3185 1.)

1729 3200 1753 3230 θ
1793 3189 1823 3241 1
1851 3188 1966 3243 Pet.
1993 3204 2106 3258 cap.
2133 3186 2188 3241 ii.
2218 3187 2280 3242 D.
2316 3187 2387 3258 (v.
2415 3185 2639 3258 21-25.)

1728 3261 1750 3300 t
1792 3258 2094 3313 estis.—-92.
2123 3256 2208 3311 98.

1730 3418 1892 3472 usque
1918 3400 1992 3453 ad
2022 3398 2393 3452 Ascensionem
2424 3396 2656 3451 Domini
2689 3399 2762 3452 ad
2787 3413 2906 3465 maq-

1730 3490 1858 3525 nam
1873 3471 2088 3524 missam
2096 3469 2213 3538 fiat
2227 3469 2476 3521 memoria
2492 3469 2558 3520 de
2571 3470 2909 3523 resurroetimu

1730 3544 1805 3597 vet
1826 3543 1890 3596 de
1916 3541 2099 3609 viyilia
2122 3540 2459 3592 Ascensionis
2481 3538 2725 3593 Domini.

1801 3612 2121 3665 Notandum
2154 3615 2241 3677 est,
2272 3610 2412 3680 quod
2445 3610 2509 3661 in
2541 3609 2644 3662 hac
2677 3609 2912 3663 dominica

1721 3685 1910 3752 prima
1931 3685 2046 3749 post
2067 3680 2287 3734 Octavas
2309 3678 2548 3746 Paschae,
2570 3685 2620 3733 et
2641 3678 2916 3748 insama-s

1733 3754 2011 3806 dominicis
2044 3751 2235 3804 abhinc
2269 3767 2432 3820 usque
2464 3751 2542 3802 ad
2577 3752 2916 3804 Ascenstbnem

1734 3824 1971 3890 Domini,
1996 3823 2072 3874 ad
2104 3822 2322 3874 missam
2354 3822 2418 3874 de
2451 3823 2819 3874 resur-rectaene
2838 3819 2916 3872 erit

1725 3896 1972 3964 primam
2014 3890 2287 3963 Alleluya.
2352 3891 2519 3943 Versa
2570 3891 2780 3945 Pascha
2817 3905 2915 3942 nos

1736 3972 1898 4033 trum,
1933 3969 1981 4017 et
2010 3964 2298 4015 secandam
2333 3961 2597 4031 Alleluya
2631 3963 2697 4015 de
2729 3978 2827 4014 saa
2846 3961 2916 4013 do-

1736 4036 1951 4102 minica,
2002 4033 2140 4085 illud
2186 4033 2377 4085 scilicet
2430 4033 2573 4102 quod
2620 4033 2754 4101 plus
2795 4029 2917 4102 file&

1722 4107 2042 4158 mentionem
2059 4104 2123 4156 de
2147 4105 2532 4171 resurrectione,
2562 4104 2704 4173 qaod
2725 4107 2798 4155 est
2818 4100 2919 4154 ulti-

1738 4193 1886 4227 mum
1908 4192 2029 4228 cam
2052 4190 2201 4226 versa
2225 4172 2481 4240 Surrexit,
2510 4174 2609 4242 qui
2634 4174 2698 4226 in
2719 4170 2922 4241 sin-mdis

1738 4246 1936 4369 {amm
1932 4243 2620 4368 Pffffiffl’inffloe
2641 4244 2717 4297 αα
2751 4244 2919 4297 Am

1812 4387 2095 4438 Dominica
2110 4385 2339 4437 secunda
2351 4388 2477 4453 post
2489 4382 2702 4437 Pascha
2715 4399 2820 4453 per
2833 4380 2922 4434 heb·

1738 4457 2021 4510 domadam
2043 4455 2117 4509 ad
2140 4455 2365 4509 Missam
2395 4452 2884 4524 Officium—GM.
