2975 5009
79 274 169 339 69
699 290 778 338 ΙΝ
824 287 950 339 mn
996 290 1431 341 SANGTORUM
1475 289 2004 341 Innocnwmuu.
2336 272 2340 276 “
2533 268 2617 337 70

75 445 368 505 seniores:
399 453 460 504 et
498 465 668 505 nemo
694 454 918 523 poterat
946 447 1132 506 dicere
1159 467 1292 505 can-

75 524 278 594 ticum,
335 524 445 581 nisi
498 524 598 582 illa
643 534 869 584 centum
916 526 1291 605 quadraginta

75 610 325 678 quatuor
381 602 578 673 millia,
632 604 729 680 qui
789 604 965 683 empti
1025 614 1160 663 sunt
1216 605 1288 663 de

74 688 257 739 terra.
364 681 447 738 Hi
475 689 623 753 sunt,
657 683 751 758 qui
791 702 918 739 cum
962 681 1287 742 mulieribus

73 778 195 816 non
233 767 370 817 sunt
405 758 788 835 coinquinati3
844 759 1090 837 virgines
1131 761 1283 819 enim

71 846 229 894 sunt.
331 835 417 895 Hi
485 849 797 915 sequuntur
860 839 1096 917 Agnum
1147 858 1284 916 quo-

71 934 320 992 cumque
373 916 521 973 ierit.
632 917 717 974 Hi
770 918 949 994 empti
1014 926 1148 975 sunt
1210 938 1284 976 ex

71 994 344 1051 omnibus
372 993 641 1071 primitiae
674 995 800 1053 Deo
835 1005 894 1053 et
930 995 1120 1073 Agno.
1204 995 1286 1054 Et

71 1071 135 1127 in
167 1090 267 1129 ore
290 1072 540 1150 ipsorum
568 1092 682 1128 non
705 1082 791 1132 est
810 1074 1104 1132 inventum
1126 1094 1284 1132 men-

72 1149 343 1208 dacium:
399 1150 519 1208 sine
571 1151 836 1210 macula⁸
900 1153 1099 1211 enirn⁸
1152 1161 1285 1212 sunt

72 1238 214 1286 ante
244 1227 517 1285 thronum
544 1229 673 1288 Dei.

158 1305 436 1363 Gradale.

146 1383 361 1436 Anima
393 1389 574 1438 nostra
607 1385 748 1438 sicut
780 1403 959 1457 passer
988 1392 1172 1458 erepta
1205 1393 1287 1442 est

69 1452 139 1507 de
165 1454 363 1522 laqueo
387 1456 717 1509 venantium.

82 1524 144 1577 V.
188 1523 441 1594 Laqueus
464 1527 726 1580 contritus
739 1532 848 1593 est3
875 1531 930 1580 et
954 1543 1051 1579 nos
1069 1526 1282 1580 liberati

67 1612 278 1648 sumus.
356 1595 707 1665 Adjutorium
727 1602 969 1650 nostrum
987 1598 1044 1649 in
1064 1597 1284 1651 nomine

69 1665 303 1719 Domini
326 1666 421 1736 qui
446 1667 571 1720 fecit
594 1668 788 1721 coelum
814 1674 871 1721 et
894 1675 1105 1721 terram.

68 1735 356 1807 Alleluya.
430 1736 489 1790 V.
549 1739 622 1791 ΤΘ
647 1744 945 1809 martyrum
964 1738 1285 1793 candidatus

66 1806 269 1861 laudat
291 1808 566 1878 exercitus,
595 1809 841 1863 Domine.

151 1877 481 1954 Sequentia.

67 1977 126 2014 a.
171 1955 343 2091 Celisa
381 1958 542 2034 pueri
583 1960 899 2018 conare-12„
922 1966 1064 2038 pent
1107 1959 1282 2019 melo-

301 2054 369 2105 ia,

63 2134 115 2171 c.
164 2112 354 2172 bEiab
372 2114 734 2173 innocentum
754 2135 958 2174 canen·
977 2117 1052 2173 be
1075 2125 1162 2175 tes
1178 2116 1284 2174 tri-

255 2191 448 2269 pudia,

60 2292 109 2328 c.
171 2269 335 2337 Quos
363 2270 544 2329 infans
570 2270 828 2331 Christus
849 2271 1018 2331 hodie
1048 2273 1095 2329 b.
1125 2274 1286 2332 vexit

250 2348 327 2405 ad
353 2357 521 2406 astra.

56 2428 119 2485 d.
172 2426 308 2485 Hos
323 2426 629 2486 trucidavit
647 2426 800 2487 fren·
819 2430 893 2486 b.-
910 2430 1050 2488 dens
1067 2429 1285 2489 insania

54 2528 105 2564 e.
171 2505 535 2596 Herodianae
561 2505 771 2565 fraudis
800 2509 869 2566 ob
905 2509 952 2565 b.
992 2507 1150 2566 nulla
1176 2509 1284 2568 cri-

255 2604 431 2653 mma,

34 2662 100 2738 f.
171 2661 256 2719 In
301 2660 607 2721 Bethleem
630 2675 654 2703 0
692 2663 865 2741 ipsius
911 2672 1112 2724 cuncta
1153 2672 1213 2724 et
1234 2666 1282 2723 b.

235 2760 342 2818 per
364 2750 389 2779 ⁰
415 2740 678 2811 confinia,

34 2818 97 2895 f.
170 2817 240 2876 A
283 2817 502 2876 bimatu
545 2826 605 2877 et
651 2817 798 2877 infra
840 2821 1007 2900 juxta
1051 2841 1178 2879 nas·
1207 2823 1286 2879 b.-

253 2897 423 2955 cendi
451 2906 723 2975 tempora.

53 2997 113 3052 9.
167 2974 446 3034 Herodes
499 2992 603 3033 rex
655 2976 869 3035 Christi
913 2976 1034 3036 nati
1085 2997 1286 3037 verens

252 3051 402 3111 infe-
423 3055 503 3110 be
520 3053 603 3110 lix
630 3055 885 3132 imperia,

54 3153 115 3207 9.
174 3131 456 3190 Infremit
496 3139 668 3202 totus,
695 3143 756 3191 et
782 3133 952 3212 erigit
983 3154 1143 3193 arma
1178 3155 1242 3193 su
1265 3167 1287 3181 -

236 3211 316 3267 be
336 3212 515 3287 perba
538 3211 793 3282 dextera,

54 3289 119 3346 h.
168 3287 402 3356 Quaerit
443 3288 580 3346 lucis
628 3298 688 3347 et
739 3290 862 3348 coeli
901 3290 1118 3370 Regem
1159 3312 1286 3350 cum

60 3384 71 3391 ·
239 3367 287 3423 b.
319 3377 515 3425 mente
541 3369 788 3439 turbida,

54 3445 118 3503 h.
170 3444 271 3504 Ut
316 3445 623 3524 extinguat
674 3447 773 3523 qui
823 3448 999 3505 vitam
1050 3456 1288 3525 praestat

253 3543 358 3601 per
387 3524 435 3580 b.
465 3544 566 3582 sua
584 3524 786 3601 jacula.

52 3603 99 3661 i.
165 3600 336 3659 Dum
405 3622 521 3659 non
590 3602 779 3662 valent
831 3603 1041 3662 intueri
1106 3604 1286 3664 lucem

258 3679 617 3758 splendidam
684 3682 950 3740 nebulosa
1013 3702 1168 3761 quae-
1209 3685 1289 3741 b.-

256 3759 438 3817 rentis
466 3770 711 3837 pectora,

47 3840 95 3897 i.
164 3836 282 3895 Ira
322 3835 526 3909 fervet,
564 3838 788 3897 fraudes
822 3847 992 3918 auget
1026 3838 1289 3898 Herodes

259 3934 458 4007 saevus,
527 3924 593 3974 ut
657 3918 862 3995 perdat
914 3917 998 3996 pi·
1028 3918 1107 3974 b.-
1126 3936 1288 3975 orum

393 4014 506 4052 ma.

44 4075 104 4133 k.
154 4072 383 4135 castra
407 4073 654 4133 militum
694 4074 816 4132 dux
840 4072 1062 4150 iniquus
1087 4092 1288 4153 aggre-

44 4294 75 4323 ὃ
112 4299 249 4337 non
282 4279 487 4335 habent
511 4281 596 4335 26.
625 4281 710 4336 57.

46 4358 74 4396 b
112 4350 398 4428 pinu-94.
427 4351 510 4405 98.
537 4351 637 4406 4L.
666 4351 748 4405 13.

42 4427 201 4552 «ἐξὲξ
229 4420 315 4477 26
335 4421 423 4477 &c
446 4429 501 4477 et
524 4440 619 4495 per
640 4420 809 4494 ipsius
826 4419 1176 4477 cuncta—34.
1199 4420 1284 4477 54.

521 4566 602 4629 6*

1582 454 1709 526 gat3
1757 446 1974 506 ferrum
2001 446 2131 525 figit
2170 446 2229 503 in
2270 445 2317 503 b.
2359 444 2615 502 membra

1582 533 1782 585 tenera
1805 547 1819 562 ·

1401 604 1455 661 lc.
1505 604 1672 663 Inter
1697 571 1872 662 ube’ra
1898 602 1983 661 lac
2010 602 2274 673 effundit,
2302 606 2604 677 antequam

1578 682 1862 761 sanguinis
1890 681 1992 741 fie-
2010 682 2087 738 b.-
2106 690 2240 740 rent
2264 678 2506 759 coagula.

1401 760 1437 818 l.
1503 761 1705 820 Hostis
1748 769 1967 819 naturae
2013 768 2174 818 natos
2220 759 2491 832 eviscerat
2520 756 2600 813 bb.

1568 847 1738 916 atque
1755 838 1996 917 jugulat.

1399 917 1436 975 l.
1501 917 1662 975 Ante
1755 916 2026 975 rosternit
2077 935 2245 993 quam
2289 923 2428 974 aetas
2469 933 2602 991 par-

1570 994 1700 1054 vula
1751 997 1800 1053 b.
1842 1002 2028 1054 sumat
2055 997 2274 1053 robora.

1396 1095 1472 1133 m.
1507 1073 1695 1143 Quam
1731 1077 1896 1133 beata
1930 1083 2064 1132 sunt
2102 1071 2501 1130 Innocentium
2528 1073 2600 1129 ab

1573 1153 1809 1212 Herode
1842 1172 1948 1210 cae-
1966 1153 2074 1209 m).-
2090 1172 2153 1209 sa
2177 1150 2517 1229 corpuscula.

1395 1251 1471 1289 m.
1502 1232 1686 1300 Quam
1714 1231 1900 1290 felices
1926 1231 2180 1289 existunt
2217 1238 2446 1300 matreS,
2473 1246 2601 1305 quae

1573 1310 1845 1369 fuderunt
1870 1318 1957 1369 ta·
1974 1310 2083 1366 bb.-
2098 1307 2176 1366 lia
2202 1308 2455 1387 pignora.

1397 1409 1454 1447 n.
1498 1386 1551 1446 O
1601 1388 1791 1447 dulces
1832 1387 2230 1446 Innocentium
2276 1385 2457 1444 acies!
2542 1384 2594 1443 Ο

1574 1467 1669 1545 pia
1702 1464 2031 1524 lactentium
2059 1485 2164 1542 pro
2189 1463 2384 1524 Chris·-
2406 1464 2512 1520 ba·
2533 1470 2597 1521 to

1569 1544 1914 1603 certamina!

1395 1644 1453 1682 n.
1499 1627 1529 1665 ⁶
1545 1621 1918 1682 Parvulorum
1936 1620 1962 1653 ‘¹
1997 1619 2354 1680 trucidantur
2381 1617 2574 1689 millia,

1571 1701 1841 1759 membris
1881 1721 1955 1759 ex
1994 1700 2207 1758 teneris
2250 1704 2485 1755 manant
2512 1698 2590 1754 bb.

1573 1778 1733 1839 lactis
1760 1779 2012 1837 fiumina.

1396 1879 1445 1916 0.
1493 1858 1657 1919 Cives
1672 1857 1910 1938 angelici
1928 1855 2163 1915 veniunt
2180 1854 2308 1912 eine
2336 1852 2594 1931 obvi-p.-

1569 1957 1660 1995 am

1397 2037 1446 2072 o.
1496 1983 1681 2074 Mira,
1712 2014 1951 2073 victoria
2001 2015 2135 2071 vitae
2200 2018 2386 2089 captat
2452 2030 2597 2088 prae-

1576 2095 1680 2152 mi·
1698 2115 1782 2171 q.-
1796 2115 1832 2151 a
1854 2095 2023 2152 turba
2049 2094 2095 2150 b.
2124 2089 2534 2150 candidissima.

1396 2193 1445 2230 o.
1497 2173 1599 2244 Te,
1628 2172 1872 2245 Christe,
1912 2171 2157 2250 petimus
2195 2176 2389 2228 mente
2427 2168 2597 2227 devo-

1573 2251 1806 2328 tissi-p.-
1822 2271 1933 2323 ma,

1397 2350 1447 2387 0.
1495 2328 1711 2389 Nostra
1735 2331 1833 2407 qui
1861 2327 2064 2388 venisti
2089 2326 2399 2386 reformare
2424 2343 2598 2383 saecu·

1576 2429 1657 2485 (1.-
1677 2409 1749 2478 la,
1778 2409 1960 2467 Inno-
1976 2408 2054 2464 b.-
2072 2406 2320 2464 centium
2341 2402 2520 2482 gloria

1400 2506 1444 2544 r.
1496 2484 1723 2545 Perfrui
1751 2506 1852 2545 nos
1878 2485 2145 2545 concedas
2172 2504 2276 2562 per
2302 2490 2535 2541 aeterna.

1474 2565 1797 2626 Secundum
1829 2564 2208 2622 Mamaeum!

1477 2645 1551 2701 In
1598 2643 1696 2702 illo
1745 2652 2004 2722 tempore
2052 2641 2313 2720 Angelus
2365 2638 2600 2696 Domini

1396 2723 1660 2801 apparuit
1711 2722 1771 2779 in
1824 2721 2035 2780 somnis
2085 2720 2128 2778 J
2130 2718 2323 2797 oseph,
2371 2717 2599 2775 dicens:

1400 2800 1602 2881 Surge,
1645 2809 1705 2859 et
1742 2801 1929 2878 accipe
1969 2800 2218 2859 Puerum
2260 2804 2320 2854 et
2357 2803 2602 2852 matrem

1399 2879 1536 2957 ejuS,
1575 2888 1633 2938 et
1658 2877 1788 2958 fuge
1816 2878 1875 2934 in
1903 2877 2246 2957 AEgyptum,
2275 2882 2335 2931 et
2373 2881 2495 2931 esto
2520 2872 2600 2929 ibi

1397 2978 1572 3034 usque
1599 2959 1735 3016 dum
1775 2956 1957 3014 dicam
1998 2953 2120 3014 tibi.
2204 2952 2488 3009 Futurum
2516 2957 2606 3008 est

1399 3037 1551 3094 enim
1579 3044 1646 3094 ut
1684 3035 1949 3095 Herodes
1989 3038 2207 3112 quaerat
2237 3030 2487 3089 Puerum
2527 3028 2600 3085 ad

1400 3115 1754 3192 perdendum
1821 3134 1969 3173 eum.
2076 3109 2187 3178 Qui
2261 3125 2601 3185 consurgens

1399 3194 1615 3273 accepit
1644 3195 1893 3253 Puerum
1922 3199 1981 3250 et
2008 3197 2248 3248 matrem
2268 3187 2388 3264 ejus
2415 3192 2600 3275 nocte,

1400 3279 1461 3330 et
1485 3272 1711 3331 secessit
1750 3272 1810 3328 in
1852 3271 2207 3348 AEgyptum:
2263 3275 2323 3324 et
2362 3272 2485 3323 erat
2523 3265 2603 3320 1b1

1289 3378 1293 3382 ·
1401 3370 1575 3427 usque
1613 3352 1686 3409 ad
1727 3351 1937 3408 obitum
1980 3346 2264 3406 Herodis:
2318 3352 2384 3402 ut
2420 3342 2601 3400 adim-

1401 3428 1655 3507 pleretur
1696 3430 1845 3506 quod
1884 3426 2098 3485 dictum
2140 3432 2227 3483 est
2268 3445 2304 3481 a
2351 3421 2599 3480 Domino

1399 3528 1506 3585 per
1532 3507 1866 3587 prophetam
1893 3506 2175 3565 dicentem
2198 3525 2211 3562 ε
2242 3522 2315 3561 ex
2341 3501 2601 3577 AEgypto

1400 3588 1590 3645 vocavi
1629 3585 1812 3643 filium
1853 3604 2062 3642 meum.
2142 3581 2301 3639 Tunc
2340 3578 2605 3637 Herodes

1401 3664 1598 3722 videns
1634 3664 1896 3742 quoniam
1927 3661 2120 3720 illusus
2159 3667 2305 3719 esset
2330 3678 2365 3715 a
2390 3657 2602 3733 Magis,

1401 3740 1578 3800 iratus
1631 3751 1717 3802 est
1770 3741 1947 3812 valde,
2001 3747 2062 3798 et
2114 3739 2349 3796 mittens
2399 3734 2600 3792 occidit

1401 3839 1598 3879 omnes
1618 3840 1839 3900 pueros,
1861 3818 1956 3896 qui
1984 3825 2148 3876 erant
2174 3816 2231 3871 in
2254 3811 2597 3872 Bethlehem

1401 3907 1461 3958 et
1492 3899 1552 3956 in
1594 3900 1852 3957 omnibus
1891 3897 2098 3954 finibus
2134 3894 2269 3971 ejuS,
2311 3912 2347 3948 a
2384 3891 2599 3949 bimatu

1401 3985 1461 4036 et
1501 3976 1666 4048 infra,
1693 3976 1998 4036 secundum
2039 3982 2280 4050 tempu8‚
2306 3969 2457 4046 quod
2497 3980 2608 4027 ex·=

1400 4058 1670 4134 quisierat
1695 4076 1730 4113 a
1754 4055 1959 4133 Magis.
2040 4052 2201 4110 Tunc
2231 4046 2600 4126 adimpletum

1401 4144 1488 4194 est
1530 4136 1681 4213 quod
1714 4134 1930 4191 dictum
1972 4138 2060 4190 est
2097 4149 2202 4209 per
2240 4127 2605 4186 Hieremiam

1400 4278 1429 4316 ἃ
1464 4277 1541 4331 sic
1565 4276 1695 4330 55P.
1719 4273 1788 4329 57
1823 4270 2266 4345 parvorum—26.
2291 4269 2372 4323 34.
2397 4270 2479 4322 54.
2508 4270 2599 4324 dcc.

1401 4359 1425 4386 e
1456 4349 1534 4403 sio
1557 4348 1626 4400 26
1652 4346 1741 4401 διο.
1768 4362 1877 4399 non
1903 4344 2105 4398 habent
2135 4342 2218 4397 34.
2241 4340 2325 4394 54.
2354 4341 2483 4393 55P.
2514 4339 2597 4394 57.

1400 4420 1422 4458 f
1453 4437 1564 4491 cap.
1592 4419 1648 4471 ii.
1677 4417 1741 4470 D.
1772 4416 1841 4485 (v,
1873 4412 2087 4484 13-18.)
