2975 5009
344 299 427 361 11

345 494 389 526 c.
419 468 567 527 Mox
594 474 695 525 tua
717 475 1026 543 spontanea

523 547 604 606 tia
628 565 912 603 assumens
939 545 1205 614 humana,

346 649 390 683 c.
422 568 571 693 ’ἔξω
596 622 822 682 fuerant
846 623 1089 701 perdita,

303 766 307 771 ,
426 702 617 762 omnia
641 700 867 759 salvasti
892 709 1101 769 terrea,

351 782 406 837 d.
439 782 654 840 Ferens
681 779 893 837 mundo
918 778 1138 858 gaudia.

351 882 393 916 e.
424 860 512 918 'ru
538 858 754 917 animas
782 865 840 915 et
867 875 1104 934 corpora

337 938 391 1014 f.
421 937 655 1006 Nostra,
683 934 928 1005 Christe,
959 934 1142 1011 expia,

352 1039 396 1072 e.
429 1015 521 1073 Ut
546 1013 829 1093 possideas
856 1012 1040 1070 lucida

354 1095 412 1150 d.
441 1093 502 1151 N
507 1100 690 1151 osmet
721 1089 1055 1149 habitacula.

355 1195 406 1247 9.
440 1171 716 1229 Adventu
742 1168 927 1246 primo
954 1166 1218 1248 justifica,

354 1272 405 1325 9.
440 1249 514 1306 In
530 1255 554 1280 ⁸
591 1247 834 1306 secundo
862 1266 1070 1324 nosque
1087 1252 1111 1276 ⁸
1148 1243 1343 1315 libera,

357 1328 409 1384 h.
441 1325 528 1384 Ut
554 1346 700 1396 cum,
727 1323 873 1383 facta
896 1324 1017 1382 luce
1044 1343 1265 1401 magna,

457 1404 728 1483 judicabis
759 1403 801 1459 i.
832 1402 1037 1473 omnia,

358 1485 410 1540 Ιι.
441 1482 670 1560 Gompti
695 1480 839 1540 stola
862 1481 1207 1556 incorrupta,

454 1568 676 1619 nosmet
720 1567 820 1618 tua
864 1559 918 1616 k.
973 1560 1376 1633 subsequamur
1426 1574 1563 1612 mox

454 1639 688 1719 vestigia
712 1656 1039 1715 quocunque
1065 1635 1226 1694 visa.¹'
1246 1635 1280 1672 ²¹*

435 1795 622 1853 Nulla
676 1794 771 1850 die
824 1792 1135 1850 Dominica
1184 1810 1293 1867 per
1349 1808 1567 1846 annum

360 1874 575 1931 dicitur
613 1871 913 1948 Sequentia
953 1870 1031 1927 ad
1069 1869 1301 1926 missam
1340 1867 1566 1943 quando

362 1952 430 2009 de
458 1951 747 2007 dominica
787 1948 978 2025 ayitur
1001 1969 1023 2018 ;
1068 1946 1187 2003 nisi
1203 1966 1311 2021 per
1336 1944 1566 2002 Adven-

361 2039 483 2086 tum
509 2037 559 2086 et
585 2028 651 2084 in
685 2035 923 2102 tempore
947 2024 1223 2082 Paschali
1248 2031 1297 2080 et
1326 2023 1390 2079 in
1414 2029 1566 2080 sexta

361 2107 456 2165 die
504 2126 541 2163 a
579 2105 650 2162 N
646 2104 899 2161 ativitate
949 2102 1209 2160 Domini.
1293 2101 1373 2158 In
1402 2099 1567 2176 festis

359 2184 532 2261 vero†
549 2190 882 2253 sanctorum,
894 2181 1118 2257 quando
1128 2181 1320 2236 chorus
1335 2179 1567 2254 reyitur,

354 2284 463 2339 per
487 2269 662 2318 totum
679 2279 894 2316 annum
913 2267 1068 2316 extra
1088 2257 1570 2335 Septuayesimam

361 2361 531 2416 usque
577 2339 655 2394 ad
705 2338 931 2395 Pascha
969 2336 1183 2394 dicitur
1229 2334 1529 2411 Sequentia
1552 2357 1569 2392 .-

363 2417 482 2475 nisi
508 2415 747 2493 infestis
815 2416 1150 2472 lurimorum
1185 2413 1566 2490 confessorum,

365 2505 415 2552 et
467 2495 585 2553 nisi
636 2494 702 2551 in
738 2437 883 2569 ,ἵζετο
928 2493 1110 2550 sancti
1159 2491 1462 2548 Michaelis
1505 2492 1571 2548 in

364 2580 545 2631 monte
583 2571 818 2628 Tumba.
899 2571 956 2627 A
991 2569 1413 2647 Septuayesima
1446 2589 1571 2626 vero

364 2671 534 2728 usque
554 2651 633 2707 ad
656 2649 887 2707 C'oenam
905 2649 1164 2718 Domini,
1184 2649 1250 2705 in
1269 2647 1570 2704 dominicis

365 2738 415 2786 et
457 2730 523 2786 in
549 2727 712 2805 festis
751 2747 944 2784 novem
998 2727 1291 2784 lectionum
1344 2726 1573 2782 canitur

368 2807 605 2864 Tractus
645 2826 683 2862 a
722 2813 962 2881 quatuor
999 2804 1236 2863 Clericis
1262 2803 1330 2860 de
1355 2803 1570 2880 superi-

365 2885 457 2942 ori
500 2884 704 2960 yradu,
746 2884 812 2941 in
850 2883 1013 2960 capis
1046 2883 1235 2940 sericis
1271 2881 1453 2938 rubeis
1494 2881 1574 2938 ad

365 2962 608 3038 yradum
635 2962 807 3031 chori,
834 2962 953 3018 nisi
977 2962 1044 3018 in
1061 2960 1207 3036 festo
1232 2958 1571 3034 Purificati-

367 3041 490 3097 onis
522 3048 571 3098 et
596 3039 1080 3097 Annunciationis
1109 3040 1274 3096 beatae
1298 3035 1573 3115 Mariae.‡

370 3119 586 3176 Tamen
626 3118 692 3175 in
739 3118 938 3194 prima
980 3117 1267 3174 dominica
1310 3115 1574 3187 Quadra-

368 3197 588 3271 9esimae
626 3203 675 3252 et
715 3196 781 3252 in
812 3195 1100 3253 dominica
1125 3194 1469 3252 Palmarum
1509 3193 1576 3250 in

370 3275 532 3390 chor-'o
559 3273 790 3331 alternis
826 3274 1038 3331 vicibus
1070 3273 1201 3330 hinc
1229 3272 1361 3329 inde
1389 3279 1571 3329 cante-

370 3361 481 3408 tur.

449 3395 527 3486 132
562 3429 684 3504 fine
722 3426 983 3506 Alleluya
1020 3428 1105 3485 vel
1145 3426 1455 3504 Sequentiae
1494 3427 1578 3485 vel

369 3566 397 3594 a
434 3556 770 3625 secundoque
793 3572 891 3609 nos
915 3554 1049 3609 5412..
1079 3555 1210 3620 551³.

369 3629 398 3666 b
434 3626 557 3681 Non
593 3626 804 3681 dicatur
836 3627 1011 3679 Amen
1047 3624 1107 3678 in
1143 3626 1253 3680 fine
1286 3625 1581 3696 sequentiae

440 3735 477 3769 ἥ·
510 3735 809 3806 Nunquam
825 3734 1168 3803 respondeant
1185 3735 1366 3789 Amen
1388 3736 1450 3788 in
1457 3734 1583 3805 fine

370 3807 664 3877 Sequentiae
692 3807 1048 3875 cujuscunque
1064 3802 1245 3874 fuerit
1264 3825 1282 3857 .·
1323 3806 1462 3876 quod
1476 3823 1582 3875 per

368 3883 535 3930 totum
595 3893 803 3929 annum
848 3877 1146 3943 observetur,
1200 3876 1312 3929 nisi
1368 3878 1581 3946 quando

371 3947 652 4018 Sequentia
667 3947 869 4000 dicitur
878 3963 984 4016 pro
1007 3945 1225 4014 Hymno
1247 3965 1264 3998 .·
1300 3951 1428 4001 tunc
1449 3964 1577 4001 sem-

359 4036 464 4087 per
464 4017 711 4086 finiatur
735 4034 856 4070 cum
880 4016 1311 4071 Amen—Grau.

443 4090 481 4157 †
515 4105 692 4141 novem
712 4088 987 4141 lectionum
1009 4092 1057 4141 et
1078 4088 1141 4141 in
1161 4086 1574 4158 festia—Gra&

445 4160 476 4229 ‡
513 4159 605 4212 Ita
627 4164 802 4211 tamen
838 4159 977 4229 quod
1013 4175 1187 4213 omnes
1227 4159 1312 4211 illi
1351 4163 1581 4229 quatuor

371 4230 545 4282 clerici
582 4229 745 4282 simul
770 4230 1009 4298 primum
1054 4246 1258 4283 versum
1295 4230 1575 4298 incipiant,

372 4317 523 4370 quem
557 4315 761 4354 versum
794 4301 901 4353 duo
922 4317 986 4353 ex
1007 4304 1168 4369 parte
1200 4298 1345 4352 chori
1365 4300 1576 4369 princi-

361 4371 512 4439 palis
535 4375 941 4440 prosequantur,
968 4371 1096 4424 aliis
1131 4372 1334 4424 duobus
1365 4371 1579 4424 interim

370 4442 662 4495 sedentibus
683 4442 746 4493 in
776 4446 1003 4495 extrema
1036 4446 1197 4510 parte
1225 4441 1427 4510 pn’mw
1452 4438 1577 4510 for-

371 4527 485 4581 mae,
525 4512 914 4582 etitasinyuli
950 4512 1322 4567 versustotius
1359 4511 1580 4565 Practm

931 309 1296 361 DOMINIOA
1330 308 1563 359 PRIMA
1595 308 1982 358 ADVENTUS
2014 306 2302 358 DOMINI.

2787 292 2868 355 12

1672 464 1926 534 Tractus,
1981 464 2250 522 diaconus
2297 472 2597 540 antequam
2654 465 2877 523 accedat

1669 542 1749 600 ad
1766 543 2146 616 Evanyelium
2156 543 2675 618 pronunciandum,
2694 543 2876 601 thuri·

1658 621 1792 696 ficet
1810 619 2060 676 medium
2080 620 2282 677 altaris
2298 628 2520 677 tantum
2535 642 2558 690 ;
2583 641 2878 697 nunquam

1671 698 1824 755 enim
1863 698 2213 773 thurificetur
2252 698 2565 769 lectrinum,
2592 719 2765 775 neque
2800 700 2879 757 ad

1671 775 1904 833 missam
1929 796 2100 852 neque
2129 775 2208 832 ad
2231 777 2561 847 matutinas,
2596 785 2725 834 ante
2742 798 2877 853 pro·

1665 854 2085 911 nunciationem
2119 854 2442 928 Evanyelii.
2523 855 2748 913 Deinde
2787 876 2879 913 ac-

1666 932 1849 1008 cipiat
1867 932 2334 1002 Teoetum,scilicet
2351 932 2557 989 librum
2571 933 2880 1009 Evanyeli·

1670 1030 1849 1081 orum,
1894 1017 1945 1067 et
1984 1010 2295 1067 humilians
2336 1031 2390 1068 se
2431 1011 2510 1067 ad
2547 1011 2881 1070 sacerdotem

1671 1096 1906 1145 stantem
1952 1108 2141 1144 coram
2184 1088 2380 1159 altari,
2420 1109 2578 1146 versa
2603 1088 2764 1163 facie
2804 1092 2882 1147 ad

1672 1166 1986 1235 meridiem,
2007 1166 2093 1222 ita
2112 1166 2268 1222 dicat
2282 1166 2403 1224 sine
2418 1175 2569 1237 nota,
2591 1166 2635 1224 J
2639 1170 2765 1237 ube,
2782 1169 2881 1228 do·-

1673 1243 1846 1313 mine,
1863 1243 2211 1303 benedicere.
2250 1243 2519 1303 Sacerdos
2536 1247 2881 1321 respondeat,

1672 1321 1952 1379 Dominus
1971 1321 2044 1379 sit
2070 1322 2130 1379 in
2151 1322 2317 1380 corde
2344 1331 2442 1380 tuo
2470 1331 2528 1381 et
2555 1323 2614 1380 in
2648 1343 2746 1382 ore
2765 1333 2883 1398 tun,

1674 1399 1747 1456 ad
1799 1400 2284 1477 pronunciandum
2325 1410 2580 1459 sanctum
2626 1402 2884 1482 Evange-

1675 1475 1813 1533 lium
1842 1478 1969 1535 Dei.
2050 1479 2123 1536 In
2152 1478 2379 1537 nomine
2420 1479 2608 1538 Patris
2634 1481 2732 1539 ὥσ.
2815 1483 2889 1541 Si

1677 1564 1862 1612 autem
1880 1558 2130 1614 sacerdos
2146 1577 2255 1633 per
2278 1558 2629 1634 semetipsum
2648 1560 2886 1632 celebret,

1676 1633 1832 1690 dicat
1854 1634 2137 1710 privatim
2171 1634 2344 1706 ane,
2383 1636 2629 1707 domine,
2656 1638 2884 1696 benedi-

1676 1730 1821 1783 cere,
1851 1719 1900 1768 et
1930 1721 2124 1788 postea
2149 1713 2305 1771 dicat
2335 1714 2579 1790 ipsemet,
2608 1716 2888 1774 Dominus

1677 1789 1753 1847 sit
1779 1790 1837 1846 in
1864 1791 2033 1849 corde
2057 1811 2184 1849 meo
2210 1800 2270 1851 et
2295 1792 2355 1848 in
2383 1812 2480 1850 ore
2507 1813 2633 1852 meo
2658 1795 2727 1852 ad
2797 1815 2888 1853 ro-

1678 1868 2058 1926 nunciandum
2081 1878 2333 1928 sanctum
2355 1869 2727 1950 Evangelium
2756 1816 2885 1932 Rei.

1682 1945 1756 2003 In
1784 1947 2012 2005 nomine
2041 1947 2249 2020 Patris,
2277 1949 2375 2007 «fic.

1759 2101 1841 2160 Et
1885 2102 1965 2159 sic
2001 2104 2271 2180 procedat
2316 2104 2587 2164 diaconus
2621 2128 2732 2184 per
2777 2130 2886 2166 me-

1682 2179 1845 2240 dium
1870 2179 2060 2252 Obori,
2080 2183 2267 2257 ipsum
2287 2181 2520 2241 Tea-tum
2536 2206 2702 2262 super
2719 2187 2886 2246 sinis-

1682 2265 1832 2315 tram
1871 2279 2105 2316 manum
2143 2259 2438 2318 solenniter
2479 2264 2761 2337 qestando‚
2811 2267 2889 2322 ad

1683 2334 1986 2413 Pulpitum
2015 2337 2254 2407 accedat,
2275 2338 2654 2399 thuribulario
2673 2351 2724 2399 et
2744 2364 2888 2401 cero-

1666 2413 1889 2490 ferario
1918 2415 2368 2492 praecedentibus.
2477 2418 2559 2475 Et
2593 2419 2647 2476 si
2686 2421 2890 2500 duplex

1665 2491 1878 2568 festum
1926 2492 2131 2568 fuerit,
2186 2514 2323 2550 crux
2374 2497 2703 2571 praecedat:
2770 2521 2891 2576 quce

1682 2571 1849 2646 quasi
1893 2591 1930 2627 a
1978 2571 2185 2629 deaetris
2225 2575 2659 2632 contraria—id
2704 2586 2780 2635 est
2826 2600 2891 2636 eae

1682 2669 1713 2705 o
1824 2649 2115 2706 sito—erit
2176 2649 2398 2725 leyentis
2457 2652 2841 2729 Evanyelium
2874 2680 2892 2714 .·

1668 2669 1826 2802 AEZ
1874 2725 2153 2802 Crucifioei
2194 2727 2273 2784 ad
2315 2728 2572 2803 leyentem
2612 2753 2889 2792 conversa.

1687 2804 2138 2881 Quandocunque
2180 2805 2332 2863 enim
2372 2808 2575 2882 leyitur
2622 2808 2892 2887 Epistola

1684 2882 1751 2939 in
1790 2881 2048 2959 Pulpito,
2088 2883 2298 2940 ibidem
2345 2884 2561 2960 leyatwr
2597 2897 2650 2945 et
2692 2890 2893 2948 Evan-

1684 2961 1909 3035 9elium.
1991 2961 2073 3018 Et
2130 2981 2258 3018 cum
2312 2963 2391 3019 ad
2444 2964 2623 3023 locum
2677 2966 2896 3040 leqendi

1685 3038 2049 3115 pervenerint,
2104 3047 2310 3096 textum
2360 3042 2550 3118 ipsum
2600 3046 2893 3104 subdiaco-

1686 3137 1793 3173 nus
1849 3117 2111 3193 accipiat,
2180 3124 2230 3174 et
2296 3138 2333 3174 a
2397 3119 2645 3179 sinistris
2711 3124 2898 3201 ipsius

1688 3194 1919 3251 diaconi
1944 3196 2110 3271 quasi
2147 3196 2426 3272 oppositus
2465 3197 2654 3275 ipsum
2686 3209 2896 3260 teaetum

1688 3272 1827 3329 dum
1869 3274 2215 3347 evanyelium
2260 3273 2462 3349 leyitur
2503 3285 2698 3349 teneat,
2749 3302 2894 3338 cero-

1672 3348 1917 3426 ferariis
1962 3350 2198 3408 diacono
2245 3353 2636 3427 assistentibus,
2690 3378 2806 3416 uno
2861 3382 2898 3416 a

1691 3428 1899 3487 dextris
1926 3437 1975 3487 et
2009 3429 2223 3505 reliquo
2250 3450 2288 3486 a
2306 3431 2554 3490 sinistris
2581 3442 2631 3491 et
2664 3435 2743 3493 ad
2770 3458 2899 3495 eum

1691 3572 1786 3627 per
1808 3561 1984 3611 totum
2010 3573 2215 3611 annum
2241 3557 2311 3611 ad
2335 3557 2569 3615 missam.
2600 3561 2682 3615 15.
2711 3563 2801 3621 26.

1689 3737 1759 3789 ab
1793 3737 1903 3790 illis
1941 3741 2169 3807 quatuor
2206 3737 2404 3791 clericis
2438 3740 2708 3809 dicuntur,
2750 3744 2906 3798 choro

1690 3806 1903 3860 interim
1960 3808 2172 3860 sedente.
2246 3808 2339 3861 Ita
2395 3811 2535 3879 quod
2590 3828 2766 3867 omnes
2821 3818 2909 3869 illi

1797 3884 1919 3946 tuor
1946 3878 2108 3930 simul
2128 3879 2306 3947 ipsum
2335 3880 2582 3933 Tractum
2604 3886 2902 3940 terminent.

1728 3966 1765 4001 n
1795 3952 1989 4018 quarta
2010 3953 2185 4001 autem
2203 3947 2359 4019 feria
2381 3951 2442 4002 in
2472 3950 2656 4020 Capite
2670 3954 2903 4024 jejunii,

1689 4022 1738 4073 et
1767 4020 1829 4073 in
1858 4020 2048 4088 prima
2077 4019 2343 4072 dominica
2381 4020 2828 4094 Quadraqesimce,
2857 4034 2906 4081 et

1688 4094 1883 4213 mna
1913 4087 2068 4158 feria
2113 4089 2352 4153 Quatuor
2386 4095 2691 4163 temporum,
2741 4102 2792 4150 et
2840 4099 2906 4150 in

1807 4160 1954 4212 inica
1998 4160 2333 4229 Palmarum‚
2392 4166 2442 4214 et
2498 4170 2693 4232 quarta
2744 4165 2905 4237 feria

1687 4229 2016 4283 hebdomades
2031 4230 2365 4298 Palanarum,
2386 4236 2433 4284 et
2456 4231 2563 4285 duo
2591 4234 2818 4290 Tmctus
2840 4239 2906 4292 in

1687 4300 1773 4353 die
1802 4301 2127 4369 Pammenes,
2163 4301 2227 4353 in
2262 4300 2413 4354 choro
2446 4302 2667 4357 alternis
2702 4308 2908 4361 vicibus

1688 4370 1812 4424 binc
1856 4375 1905 4425 et
1951 4371 2077 4424 inde
2120 4376 2400 4424 cantentur
2443 4374 2595 4427 modo
2619 4377 2905 4447 praedicto,

1687 4441 1793 4496 loco
1808 4458 1900 4495 nec
1920 4439 2105 4495 habitu
2126 4441 2575 4498 mutata—Grad.
