2975 5009
160 244 270 309 353

165 413 592 486 Absolutionem,
668 434 796 472 cum
815 428 844 457 ὃ
908 412 1228 487 Precibu3,¹⁸
1299 423 1350 472 et

168 492 410 553 Oratione
432 491 623 551 Aufer
649 512 682 550 a
708 493 885 564 nobis,
910 491 1176 563 Domine,
1198 513 1349 551 more

168 571 303 628 solito
323 594 341 630 .-
385 579 575 628 tamen
620 570 712 628 hio
750 591 865 628 non
903 571 1066 628 detur
1103 571 1349 628 osculum

163 650 317 725 pacis.
423 649 649 707 Deinde
703 649 980 725 thurificet
1039 649 1238 717 altare,
1298 657 1349 706 et

160 735 326 803 postea
349 727 599 804 incipiat
630 726 827 785 Gloria
851 729 913 785 in
938 727 1173 786 excelsis
1201 726 1347 786 Deo.

175 803 313 862 Tunc
328 827 510 863 omnes
530 806 896 881 9enuflectant
916 813 1162 863 exuentes
1179 825 1349 882 capas

167 883 384 958 nim-asp
403 892 454 941 et
479 891 612 942 tunc
641 883 940 960 pulsentur
976 904 1161 941 omnes
1200 904 1353 941 cam·

162 981 312 1037 panae
348 962 415 1019 in
434 972 458 1002 ⁰
486 961 784 1019 classicwn
804 971 845 1033 ⁰,
868 965 898 1003 ‘¹
938 962 1099 1019 choro
1126 969 1352 1019 canente

169 1039 233 1097 Et
256 1040 310 1097 in
335 1049 490 1100 terra
515 1043 684 1119 pax.<²
761 1038 1040 1117 Sequatur
1076 1039 1352 1098 Dominus

169 1119 427 1176 vobiscum
455 1127 507 1176 et
537 1118 803 1177 Oremus.

241 1196 451 1255 Oratio.

235 1277 394 1348 Deus,
424 1274 523 1354 qui
552 1274 706 1333 hanc
742 1274 1176 1333 sacratissimam
1220 1294 1350 1332 noc·

165 1397 189 1427 ⁸
218 1388 537 1445 versu.—94.
566 1389 653 1444 97.

168 1460 192 1499 b
220 1466 270 1514 et
289 1461 473 1515 statim
496 1458 899 1530 surgant—94.
928 1459 1014 1514 97.

167 1541 188 1570 ⁶
218 1531 636 1585 obsitum—92.
665 1530 749 1583 98.

227 1639 323 1704 Qui
363 1639 507 1694 hanc
541 1656 739 1708 aquam
775 1637 1151 1708 regenerandis
1185 1637 1354 1691 homi-

170 1710 312 1765 nibus
357 1717 715 1793 praeparatam
764 1726 959 1763 arcana
998 1709 1083 1761 sui
1133 1707 1360 1761 luminis

167 1782 480 1835 admixtione
524 1780 789 1848 fecundet,
841 1786 905 1833 ut
940 1779 1357 1833 sanctificatione

169 1858 405 1924 concepta
450 1853 523 1906 ab
571 1850 918 1904 immaculato
965 1850 1139 1904 divini
1194 1849 1360 1904 fontis

170 1929 307 1977 utero
326 1925 385 1975 in
418 1938 616 1976 novam
651 1928 896 1975 renatam
921 1928 1218 1974 creaturam
1242 1936 1361 1992 pro·

168 1994 335 2064 genies
374 1993 605 2048 coelestis
641 1997 892 2062 emergat.
964 1991 1038 2044 Et
1079 2008 1224 2061 quos,
1263 1998 1362 2044 aut

168 2081 312 2118 sexus
344 2064 403 2117 in
440 2080 674 2135 corpore,
711 2072 808 2116 aut
842 2068 976 2116 aetas
1012 2063 1267 2116 discernit
1302 2061 1360 2113 in

171 2140 404 2206 tempore,
449 2150 636 2189 omnes
667 2134 728 2187 in
762 2151 929 2186 unam
1069 2133 1145 2186 'at
1186 2133 1363 2203 gratia

172 2212 330 2259 mater
385 2205 693 2260 infantiam.
791 2204 965 2257 Procu
1053 2220 1175 2274 ergo
1235 2203 1365 2256 hinc

165 2276 379 2346 jubente
406 2282 475 2345 te,
516 2274 761 2344 Domine,
799 2274 975 2328 omnis
1010 2275 1232 2346 spiritus
1262 2272 1361 2326 im-

172 2347 392 2401 mundus
432 2346 696 2414 abscedat,
748 2345 932 2416 procul
970 2350 1087 2399 tota
1110 2344 1367 2414 ,nequitia

172 2417 432 2472 diabolicae
481 2417 689 2470 fraudis
735 2415 974 2470 absistat.
1073 2414 1229 2468 Nihil
1278 2414 1368 2468 hic

173 2487 264 2542 loci
297 2489 493 2543 habeat
529 2487 813 2541 contrariae
840 2486 1059 2540 virtutis
1087 2484 1364 2554 admixtio,

173 2575 271 2612 non
303 2558 611 2612 insidiando
633 2557 991 2625 circumvolet,
1019 2574 1128 2610 non
1153 2556 1372 2610 latendo

170 2636 413 2701 surrepat,
441 2646 554 2682 non
577 2628 863 2682 inficiendo
885 2632 1206 2699 corrumpat.

234 2700 313 2754 Sit
348 2701 470 2754 haec
504 2705 692 2753 sancta
732 2705 787 2752 et
828 2699 1088 2752 innocens
1122 2702 1371 2753 creatura

174 2768 328 2825 libera
349 2773 419 2825 ab
442 2770 595 2825 omni
630 2769 1022 2840 impugnatoris
1056 2769 1288 2836 incursu,
1314 2774 1373 2821 et

175 2842 327 2895 totius
345 2841 607 2911 nequitiae
625 2848 854 2911 purgata
867 2840 1113 2894 discessu.
1153 2839 1237 2894 Sit
1254 2840 1373 2892 fons

175 2909 269 2986 »1⁴²³
281 2913 447 2981 vivuS,
469 2929 614 2981 aqua
628 2909 734 2984 *¹⁴⁸⁵
752 2927 1083 2981 regenerans,
1105 2911 1255 2964 unda
1267 2908 1374 3033 »ζεῦ

176 2984 465 3054 purificans.
541 2982 620 3036 Ut
644 2998 828 3036 omnes
863 2981 963 3035 hoc
998 2981 1207 3035 lavacro
1231 2998 1289 3034 sa
1314 2999 1371 3033 u-

178 3055 319 3109 tifero
359 3053 623 3122 diluendi,
674 3056 926 3123 operante
960 3051 1021 3104 in
1058 3052 1134 3106 eis
1169 3052 1374 3122 Spiritu

178 3123 372 3194 Sancto,
423 3124 674 3196 perfectae
710 3122 1046 3194 purgationis
1087 3123 1370 3193 indulgen-

178 3196 299 3250 tiam
323 3201 736 3265 consequantur.

243 3267 398 3320 Unde
422 3265 679 3320 benedico
716 3268 784 3332 te,
819 3268 1063 3317 creatura
1091 3280 1246 3333 aquae
1281 3279 1378 3334 per

177 3334 244 3410 ιιι
275 3338 447 3391 Deum
477 3337 679 3404 vivum,
722 3350 817 3405 per
846 3333 920 3407 ,Β
948 3334 1122 3388 Deum
1171 3351 1372 3403 verum,

177 3424 264 3489 per
282 3407 355 3492 >B
378 3408 552 3462 Deum
570 3410 832 3473 sanctum,
871 3422 966 3476 per
994 3405 1166 3458 Deum
1191 3404 1285 3474 qui
1323 3411 1378 3458 te

178 3495 235 3531 ln
271 3477 536 3550 principio
575 3478 736 3531 verbo
781 3475 1048 3546 separavit
1092 3476 1164 3529 ab
1209 3476 1374 3544 arida,

178 3550 324 3620 cujus
357 3548 594 3620 Spiritus
621 3562 781 3618 super
813 3553 865 3600 te
897 3547 1178 3614 serebatur,
1206 3546 1299 3614 qui
1324 3552 1379 3600 te

179 3619 242 3674 de
273 3620 518 3692 paradiso
541 3635 762 3672 manare
796 3617 935 3686 fecit,
963 3623 1018 3670 et
1053 3617 1114 3669 in
1150 3623 1382 3686 quatuor

177 3690 489 3745 fluminibus
504 3695 674 3744 totam
692 3694 889 3742 terram
914 3688 1087 3758 rigare
1109 3687 1379 3758 praecepit.

180 3760 283 3816 Hic
301 3761 541 3816 sacerdos
562 3760 741 3828 ejiciat
762 3776 863 3812 sua
886 3776 1056 3811 manu
1089 3775 1286 3828 aquam
1319 3759 1383 3811 de

159 3830 312 3902 fonte
334 3835 396 3886 in
419 3832 638 3884 modum
661 3831 830 3883 crucis
853 3830 914 3882 in
937 3833 1166 3899 quatuor
1180 3833 1380 3897 partes.

249 3903 350 3969 Qui
393 3909 448 3956 te
491 3903 551 3954 in
591 3902 796 3954 deserto
837 3917 1075 3953 amaram
1119 3899 1384 3952 suavitate

176 3971 351 4029 indita
396 3973 525 4026 fecit
572 3988 682 4025 esse
724 3970 1027 4042 potabilem,
1078 3976 1134 4024 et
1180 3969 1385 4023 sitienti

179 4061 249 4115 po
283 4046 372 4099 ulo
394 4045 464 4097 de
491 4049 642 4113 petra
665 4042 932 4113 produxit.

296 4113 586 4198 eneffidico
634 4119 688 4165 te
736 4129 829 4183 per
869 4111 1060 4164 «Iesum
1110 4110 1384 4163 Christum

178 4185 375 4240 Filium
403 4203 522 4256 ejus
546 4182 768 4236 unicum
806 4181 1095 4236 Dominum
1126 4189 1385 4248 nostrum,

178 4257 277 4327 qui
300 4264 353 4310 te
376 4257 434 4309 in
462 4255 614 4308 Cana
638 4252 880 4307 Galilaeae
905 4253 1058 4322 signo
1081 4252 1388 4307 admirabili

177 4345 282 4381 sua
302 4327 544 4400 potentia
568 4324 832 4379 convertit
856 4323 914 4376 in
940 4324 1144 4377 vinum.

179 4478 213 4501 ι
241 4467 344 4509 Haec
367 4466 512 4509 crucis
537 4466 667 4515 signa
689 4463 995 4504 desiderantur
1017 4462 1063 4502 in
1091 4463 1187 4503 edd.
1213 4463 1387 4502 Proces—

179 4517 363 4559 sionalis
379 4518 426 4558 in
454 4517 620 4567 quibus
646 4514 703 4553 ad
730 4515 874 4554 locum
902 4515 1026 4553 infra
1043 4518 1245 4553 notatum
1273 4513 1389 4561 (scil.

623 4578 709 4640 23

1024 258 1064 306 B
1074 256 1466 309 ENEDIOTIO
1499 258 1714 309 Fowm
1725 259 1847 308 ΠΜ.

2539 244 2668 311 354

1459 422 1580 474 tem
1632 414 1814 494 gloria
1878 414 2191 474 Dominicae
2242 418 2668 477 resurrectionis

1460 493 1727 564 illustraS,
1754 513 2022 552 conserva
2041 494 2101 551 in
2129 514 2273 552 nova
2298 494 2522 554 familiae
2549 505 2665 556 tuse

1460 572 1731 650 progenie
1797 568 2113 650 adoptionis
2163 572 2429 649 spiritum
2496 595 2666 652 quem

1460 650 1703 723 dedisti3
1733 657 1797 708 ut
1822 669 2057 740 corpore
2085 659 2144 708 et
2171 665 2364 710 mente
2391 653 2667 726 renovati,

1461 748 1662 806 puram
1682 728 1786 787 tibi
1805 727 2111 787 exhibeant
2128 729 2478 789 servitutem.
2535 730 2668 790 Per.

1462 806 1725 866 eundem.
1807 807 1880 864 In
1909 807 2127 866 unitate
2154 807 2422 885 ejusdem.

1541 884 1783 961 Sequens
1808 884 2070 962 Epistola
2090 886 2306 962 leyatur
2325 886 2630 965 inpuhpito
2653 910 2670 945 .·

1463 962 1573 1020 Ad
1604 962 1986 1021 Colossemew

1545 1042 1793 1114 Fratres,
1809 1041 1857 1100 si
1873 1041 2304 1101 consurrexistis
2324 1062 2450 1102 cum
2471 1041 2666 1104 Chris-

1461 1128 1542 1191 to,
1603 1140 1732 1199 quae
1788 1140 2007 1178 sursum
2061 1129 2197 1178 sunt
2248 1123 2507 1199 quaerite,
2570 1122 2664 1181 ubi

1466 1197 1728 1257 Christus
1775 1208 1862 1257 est
1900 1199 1960 1256 in
2004 1199 2245 1258 dextera
2282 1201 2389 1259 Dei
2436 1201 2668 1271 sedens;

1465 1296 1591 1355 quae
1646 1296 1866 1334 sursum
1920 1287 2055 1336 sunt
2119 1278 2318 1357 sapite,
2373 1298 2488 1337 non
2542 1278 2670 1358 quse

1466 1390 1496 1430 <¹
1533 1409 1641 1446 non
1667 1393 1871 1446 habent
1894 1391 1979 1445 92.
2007 1391 2091 1445 98.
2120 1392 2216 1446 4L.
2247 1391 2330 1446 13.
2358 1393 2443 1449 57.

1467 1472 1492 1500 e
1528 1481 1641 1535 cap.
1668 1463 1746 1515 iii.
1774 1464 1844 1517 A.
1874 1463 1945 1534 (v.
1977 1462 2122 1533 1-4.)

1539 1639 1646 1706 Qui
1680 1639 1905 1712 pedibus
1939 1656 2099 1711 super
2133 1644 2189 1695 te
2222 1639 2536 1709 ambulavit,
2563 1648 2619 1695 et
2642 1661 2678 1696 a

1467 1712 1726 1766 Johanne
1749 1711 1808 1764 in
1827 1711 2067 1766 Jordane
2090 1709 2149 1763 in
2173 1718 2229 1765 te
2253 1711 2555 1782 baptizatus
2578 1719 2675 1767 est.

1470 1783 1575 1848 Qui
1602 1789 1654 1836 te
1678 1800 1790 1837 una
1824 1800 1947 1837 cum
1983 1781 2246 1852 sanguine
2281 1782 2348 1836 de
2381 1781 2547 1836 latere
2582 1799 2678 1836 suo

1470 1853 1742 1926 produxit,
1789 1859 1846 1908 et
1893 1852 2171 1924 discipulis
2224 1852 2337 1905 suis
2388 1853 2555 1922 jussit
2617 1860 2679 1907 ut

1470 1925 1743 1979 credentes
1773 1924 2175 1995 baptizarentur
2208 1923 2268 1975 in
2293 1929 2348 1976 te
2371 1922 2568 1991 dicens,
2595 1923 2681 1978 Ite

1471 1997 1654 2050 docete
1685 2012 1869 2049 omnes
1902 1999 2103 2065 gentes,
2130 1994 2463 2064 baptizantes
2498 2011 2586 2048 eos
2620 1993 2680 2047 in

1473 2066 1693 2121 nomine
1742 2066 1949 2119 Pabtris
1996 2072 2052 2119 et
2101 2064 2271 2117 Filiib
2318 2070 2375 2118 et
2419 2063 2686 2135 Spirivtus

1473 2137 1674 2191 Sancti.
1748 2137 1858 2191 Hic
1891 2141 2053 2190 mutet
2087 2152 2251 2189 vocem
2278 2135 2434 2205 quasi
2455 2137 2676 2205 leyendo.

1475 2207 1611 2263 Haec
1630 2207 1784 2261 nobis
1801 2213 2068 2279 praecepta
2084 2206 2435 2273 servantibus,
2458 2213 2519 2260 tu
2538 2206 2683 2260 Deus

1474 2278 1814 2349 omnipotens
1836 2286 1891 2333 et
1913 2280 2146 2334 clemens
2178 2277 2373 2345 adesto,
2411 2284 2473 2330 tu
2498 2278 2681 2360 benig-

1477 2367 1582 2404 nus
1609 2349 1800 2420 aspira.
1872 2349 1982 2402 Hic
2003 2349 2200 2417 aspiret
2222 2345 2501 2417 insontem
2525 2353 2601 2401 ter
2624 2366 2686 2400 m

1477 2421 1691 2473 modum
1728 2422 1911 2473 crucia.
2012 2419 2093 2471 Tu
2135 2419 2232 2471 has
2274 2435 2334 2470 su
2376 2418 2537 2488 plices
2580 2419 2679 2488 (al.

1479 2490 1767 2562 simplices)
1787 2506 1953 2560 aquas
1970 2494 2065 2542 tuo
2084 2506 2172 2542 ore
2186 2436 2583 2562 benevidicitm
2626 2495 2687 2541 ut

1518 2568 1676 2615 raeter
1711 2560 2015 2614 naturalem
2050 2558 2487 2612 emundationem
2522 2575 2686 2628 quam

1480 2579 1726 2685 favendis
1744 2631 1949 2701 possint
1967 2629 2217 2683 adhibere
2236 2629 2553 2699 corporibus,
2574 2629 2688 2682 sint

1481 2702 1647 2755 etiam
1707 2699 2053 2770 purificandis
2111 2699 2383 2752 mentibus
2437 2699 2680 2752 efficaces.

1480 2773 1591 2824 Hic
1628 2771 1784 2823 stillet
1806 2772 1869 2823 de
1899 2786 2034 2822 cereo
2069 2770 2130 2821 in
2182 2774 2351 2821 entem
2380 2770 2442 2821 in
2477 2771 2688 2822 modum

1478 2841 1666 2906 crucis,
1690 2845 1874 2908 postea
1907 2840 2065 2893 dicat.
2189 2838 2438 2892 escendat
2461 2842 2520 2891 in
2545 2839 2688 2894 hanc

1484 2911 1876 2984 plenitudinem
1894 2909 2060 2962 fontis
2074 2908 2246 2962 virtus
2259 2909 2491 2980 Spiritus
2504 2909 2687 2964 Sancti

1485 2989 1761 3050 totamque
1792 2980 1957 3051 hujus
1980 2995 2136 3048 aquae
2159 2979 2518 3033 substantiam
2541 2996 2687 3050 rege·

1485 3054 1712 3107 nerandi
1736 3052 1986 3106 fecundet
2022 3049 2212 3104 effectu
2247 3049 2514 3120 (effectum
2541 3051 2688 3118 edd.)

1486 3125 1597 3177 Hic
1610 3124 1786 3176 mittat
1802 3139 2000 3175 cereum
2024 3121 2086 3172 in
2102 3120 2271 3172 medio
2279 3119 2474 3190 fontis,
2491 3137 2692 3174 crucem

1468 3193 1700 3267 faciens,
1727 3198 1774 3247 et
1786 3198 1970 3262 postea
1981 3194 2348 3260 prosequatur.

1561 3265 1667 3317 Hic
1703 3263 1946 3318 omnium
1984 3267 2322 3333 peccatorum
2349 3258 2578 3314 maculae
2602 3260 2690 3315 de-

1486 3336 1717 3403 leantur,
1769 3335 1858 3389 hic
1904 3341 2100 3386 natura
2143 3331 2215 3384 ad
2270 3331 2561 3399 imaginem
2611 3331 2696 3384 tui

1487 3406 1706 3460 condita
1754 3412 1807 3460 et
1853 3405 1923 3458 ad
1972 3404 2227 3456 honorem
2275 3401 2361 3455 sui
2410 3401 2699 3456 reformata

1486 3475 1754 3548 principii,
1792 3474 2000 3531 cunctis
2039 3472 2322 3529 vetustatis
2362 3471 2696 3542 squaloribus

1489 3549 1831 3602 emundetur.
1935 3546 2045 3598 Hic
2088 3543 2399 3598 extrahatur
2443 3559 2615 3596 cereus
2660 3560 2698 3596 a

1473 3617 1631 3690 fimte
1649 3620 1729 3671 ita
1762 3618 1993 3672 dicendo.
2090 3614 2165 3669 Ut
2200 3615 2376 3667 omnis
2410 3613 2570 3667 homo
2594 3613 2695 3666 hoc

1490 3704 1760 3744 sacramen
1768 3695 1884 3741 tum
1909 3684 2323 3758 regenerationis
2346 3684 2614 3755 ingressus
2636 3683 2697 3736 in

1494 3777 1634 3814 verae
1680 3759 2005 3812 innocentiae
2053 3773 2246 3810 novam
2290 3754 2575 3808 infantiam
2614 3771 2693 3810 re-

1496 3835 1762 3883 nascatur.
1810 3829 1913 3881 Per
1934 3829 2221 3881 Dominum
2243 3832 2485 3879 nostrum
2506 3824 2546 3876 J
2548 3841 2698 3877 esum

1496 3901 1770 3954 Christum
1834 3899 2031 3951 Filium
2082 3904 2255 3950 tuum.
2366 3895 2470 3960 Qui
2519 3901 2697 3948 tecum

1497 3971 1631 4025 vivit
1660 3977 1714 4024 et
1737 3976 1927 4040 regnat
1946 3970 2005 4022 in
2031 3968 2242 4021 unitate
2266 3967 2497 4038 Spiritus
2516 3965 2700 4020 Sancti

1498 4043 1655 4096 Deus.
1751 4041 1854 4094 Per
1895 4039 2078 4093 omnia
2124 4038 2321 4093 saecula
2368 4037 2698 4091 saeculorum.

1498 4116 1694 4166 Amen.
1786 4110 2106 4165 Consecratis
2148 4107 2398 4179 fontibus
2449 4125 2557 4161 non
2617 4110 2701 4161 in-

1479 4183 1755 4255 fundetur
1813 4183 1981 4234 oleum
2041 4197 2201 4250 neque
2267 4180 2527 4248 Chr-isma,
2589 4180 2702 4233 nisi

1482 4252 1667 4325 fuerit
1688 4253 1884 4322 aliquis
1908 4251 2275 4318 baptizandus.

1501 4451 1581 4492 eol.
1604 4451 1677 4490 354
1695 4449 1753 4490 ad
1766 4449 1811 4499 b)
1827 4446 1980 4488 eadem
1997 4447 2266 4496 typographi
2284 4446 2575 4487 inseruerunt.
