2975 5009
92 294 202 355 389

177 464 385 538 Feria
445 474 656 537 sema.

160 561 418 640 Epistola
434 584 456 620 .·
495 561 599 619 Ad
624 561 936 619 Hebraeoss

159 641 401 713 FratreS,
428 640 680 699 Obedite
745 638 1023 716 raepositis
1059 637 1280 709 vestris,

93 726 146 776 et
175 721 452 798 subjacete
489 720 589 777 eis.
677 660 800 796 lipsi
837 718 993 776 enim
1034 716 1280 794 pervigi-

94 794 209 870 lant,
263 798 419 875 quasi
472 797 757 855 rationem
823 815 926 873 pro
982 796 1280 852 animabus

94 877 271 935 vestris
311 876 614 946 reddituri,
656 882 722 933 ut
760 893 887 931 cum
927 873 1134 952 gaudio
1174 871 1281 930 hoc

92 951 295 1027 faciant,
335 962 397 1013 et
436 973 555 1012 non
592 962 928 1031 gementes:
976 949 1082 1010 hoc
1123 952 1278 1011 enim

94 1051 193 1090 non
215 1033 449 1110 expedit
475 1033 652 1090 vobis.
736 1030 914 1089 Orate
947 1049 1051 1107 pro
1077 1029 1237 1088 nobis
1259 1050 1276 1087 t

93 1111 402 1169 confidimus
443 1111 598 1168 enim
645 1109 779 1186 quia
825 1110 1027 1167 bonam
1065 1108 1276 1165 consci-

95 1189 286 1247 entiam
311 1187 606 1258 habemuS,
635 1189 693 1245 in
726 1187 984 1245 omnibus
1007 1187 1152 1244 bene
1181 1205 1276 1243 vo-

93 1266 254 1327 lentes
305 1267 642 1327 conversari.
761 1264 1032 1343 Amplius
1083 1272 1276 1322 autem

93 1345 342 1423 deprecor
381 1365 477 1403 vos
511 1345 619 1404 hoc
656 1343 857 1416 facere,
893 1362 1006 1421 quo
1044 1342 1278 1401 celerius

93 1425 340 1482 restituar
392 1423 564 1481 vobiS.
669 1421 828 1481 Deus
866 1430 1059 1480 autem
1106 1421 1275 1499 pacis,

92 1502 178 1579 qui
202 1503 394 1561 eduxit
425 1503 498 1560 de
524 1502 763 1559 mortuis
802 1510 1087 1579 pastorem
1117 1519 1275 1577 mag-

88 1600 217 1658 num
261 1581 468 1651 ovium,
515 1580 577 1637 in
625 1580 896 1657 sanguine
949 1577 1276 1636 testamenti

94 1659 295 1731 aeterni,
363 1658 677 1716 Dominum
746 1665 1002 1716 nostrum
1069 1656 1113 1713 J
1115 1675 1271 1714 esum

92 1736 382 1810 Christum,
428 1745 591 1815 aptet
635 1755 732 1794 vos
785 1734 846 1791 in
896 1734 1051 1792 omni
1104 1753 1275 1811 opere

93 1817 240 1887 bono,
292 1823 356 1874 ut
422 1815 636 1873 faciatis
706 1813 1054 1872 voluntatem
1109 1813 1274 1890 ejus:

92 1892 279 1953 faciens
304 1895 363 1952 in
393 1894 551 1952 vobis
575 1892 728 1984 quod
754 1891 975 1970 placeat
999 1910 1186 1950 eoram
1214 1910 1276 1949 se

94 1991 185 2061 per
224 1973 422 2031 Jesum
464 1971 789 2030 Christum:
836 1970 922 2027 cui
972 1978 1059 2028 est
1096 1968 1278 2048 gloria

93 2070 144 2107 m
166 2050 361 2109 saecula
386 2049 734 2109 saeculorum.
819 2048 1034 2107 Amen.

158 2128 472 2188 Secundum
499 2125 889 2185 Matthaeum.b

163 2206 231 2264 In
256 2206 353 2266 illo
379 2216 656 2284 tempore,
684 2205 972 2265 Exierunt
1010 2203 1276 2263 mulieres

92 2286 155 2345 de
178 2294 545 2345 monumento
583 2304 713 2342 cum
738 2283 946 2344 timore
972 2290 1033 2342 et
1070 2283 1276 2361 gaudio

92 2384 296 2444 magno,
339 2371 638 2423 currentes
678 2360 946 2421 nunciare
991 2360 1276 2440 discipulis

91 2444 211 2521 ejus.
313 2442 398 2502 Et
451 2461 577 2501 eece
630 2440 673 2499 J
675 2460 800 2499 esus
851 2440 1094 2499 occurrit
1144 2438 1275 2510 illis,

91 2522 297 2595 dieens;
360 2521 566 2580 Avete.
665 2517 792 2577 Illae
846 2527 1038 2577 autem
1093 2537 1273 2576 acces·

88 2609 283 2672 serunt,
306 2608 368 2659 et
393 2606 705 2658 tenuerunt
731 2596 905 2675 pedes
926 2597 1065 2668 e‘uS,
1088 2606 1147 2655 et
1171 2596 1271 2654 ad-

89 2687 378 2738 oraverunt
402 2697 554 2737 eum.
633 2676 792 2734 'Punc
816 2677 898 2733 ait
923 2675 943 2732 i
967 2675 1035 2732 lis
1061 2674 1104 2733 J
1106 2695 1268 2747 esus;

87 2755 270 2818 Nolite
287 2759 514 2817 timere.
583 2753 696 2825 Ite,
717 2754 980 2811 nunciate
1005 2752 1272 2812 fratribus

87 2836 214 2894 meis
261 2844 330 2894 ut
383 2842 519 2894 eant
564 2833 623 2890 in
680 2831 996 2903 Galilaeam,
1043 2831 1123 2890 ibi
1177 2851 1270 2890 me

88 2914 361 2974 videbunt.
466 2910 613 2980 Quae
653 2931 778 2969 cum
820 2909 1107 2982 abiissent,
1144 2929 1270 2968 ecee

85 2993 300 3068 quidam
326 2992 400 3051 de
419 2989 737 3049 custodibus
757 2996 1038 3047 venerunt
1055 2989 1116 3045 in
1137 2988 1270 3045 civi-

84 3079 269 3142 tatem,
324 3078 387 3130 et
454 3068 865 3126 nunciaverunt
923 3066 1270 3146 principibus

82 3150 419 3208 sacerdotum
448 3147 639 3204 omnia
675 3165 803 3223 quae
842 3143 990 3203 facts.
1025 3142 1268 3203 fuerant.

82 3226 151 3285 Et
173 3225 504 3305 congregati
528 3244 657 3282 cum
682 3222 1011 3295 senioribuS,
1039 3221 1272 3281 consilio

80 3313 319 3383 accepto,
344 3302 639 3384 pecuniam
675 3301 949 3381 copiosam
989 3301 1272 3360 dederunt

82 3382 366 3455 militibus,
393 3383 682 3452 dicentes;
733 3381 920 3437 Dicite
947 3379 1080 3456 quia
1104 3378 1270 3436 disci-

80 3461 188 3538 puli
206 3463 328 3540 ejus
354 3469 521 3519 nocte
542 3466 838 3528 venerunt,
861 3466 919 3516 et
944 3457 1118 3516 furati
1138 3464 1270 3515 sunt

81 3560 218 3613 eum,
269 3553 293 3583 ⁰
313 3540 484 3597 nobis
505 3553 533 3583 ο
574 3535 1004 3595 dormientibus·
1107 3537 1185 3593 Et
1223 3535 1271 3594 si

80 3615 199 3681 hoc,
227 3618 490 3676 auditum
540 3614 717 3674 fuerit
767 3635 804 3672 a
854 3613 1114 3693 praeside,
1168 3633 1271 3671 nos

77 3697 430 3756 suadebimus
456 3697 509 3754 ei
535 3701 596 3753 et
619 3712 841 3754 securos
868 3712 963 3751 vos
986 3691 1270 3750 faciemus.

72 3888 100 3918 ²
129 3897 244 3952 cap.
269 3877 388 3933 xiii,
415 3876 472 3930 O.
501 3876 572 3946 (v.
601 3873 820 3997 17-212

72 3951 101 3990 ¹)
130 3970 191 4008 ca
232 3947 462 4033 :xxviii
486 3947 550 4001 B.
578 3944 648 4016 (v.
678 3944 778 3998 8-1
822 3944 860 4015 .)

73 4032 99 4131 ἓ
125 4015 706 4148 ἰίἒῑῖᾷῗςὲἒᾴῗᾶεῑ
723 4015 807 4069 ⁵⁷·

73 4172 95 4202 e
126 4165 293 4217 Lueae
322 4159 468 4213 xxiv.
497 4161 569 4230 (v.
596 4155 709 4227 29.)

70 4233 91 4272 ¹
124 4235 195 4290 ib.
226 4234 300 4306 (v.
327 4229 442 4300 26.)

68 4405 99 4438 ὖ
132 4400 427 4459 Βοπιίπίοα
442 4396 628 4468 prima
651 4400 777 4466 post
804 4394 1025 4449 Octava-3
1062 4392 1277 4446 Pamhae

69 4481 111 4528 d
127 4477 189 4529 in
205 4472 457 4528 omnibus
470 4467 751 4522 dominicis
764 4482 925 4537 usque
941 4465 1015 4519 ad
1037 4464 1275 4516 Ascemsi·

610 303 1064 353 HEBDOMADA
1097 306 1147 352 1.
1182 299 1358 350 POS'P
1392 300 1724 350 OCTAVAS
1767 301 2084 350 PAscHAE.

2481 284 2611 351 390

1402 456 1493 516 At
1518 455 1600 515 illi
1638 464 1867 548 accepta
1946 456 2143 516 ecunia
2181 457 2437 517 fecerunt
2463 460 2610 517 sicut

1400 545 1567 595 erant
1593 536 1795 594 edocti.
1932 545 1956 593 t
1987 535 2337 615 divulgatum
2366 545 2455 594 est
2479 558 2608 596 ver-

1398 615 1536 671 bum
1589 614 1739 672 istud
1791 615 1942 693 apud
2008 615 2052 673 J
2054 616 2261 686 udaeos,
2315 635 2491 693 usque
2543 617 2605 674 in

1398 690 1736 752 hodiernum
1765 692 1938 752 diem.

1475 768 1783 829 Sciendum
1822 777 1916 841 est,
1965 770 2116 848 quod
2158 771 2227 829 in
2272 771 2431 828 omni
2454 768 2606 847 festo

1396 867 1526 905 cum
1552 848 1825 923 reyimine
1844 849 2002 906 chori
2021 849 2090 906 ab
2116 848 2342 908 Octavis
2368 847 2607 907 Paschae

1395 945 1569 1002 usque
1595 925 1674 982 ad
1699 926 2100 985 Ascensione‘m
2124 927 2389 999 Domini,
2415 948 2605 985 secun-

1395 1002 1536 1060 dum
1555 1002 1815 1075 Alleluya
1829 1005 1937 1062 erit
1951 1025 2129 1063 unum
2150 1006 2219 1063 de
2236 1006 2560 1082 subscriptis
2580 1027 2605 1077 ;

1396 1082 1597 1157 quibus
1611 1079 1783 1138 dictis
1798 1083 2218 1161 reincipiantur
2233 1080 2262 1120 ‘¹
2272 1083 2380 1141 illa
2396 1084 2463 1141 de
2479 1085 2604 1141 heb-

1395 1159 1645 1216 domada
1691 1159 1946 1233 Paschae,
1993 1161 2246 1220 videlicet
2297 1162 2366 1220 de
2413 1164 2600 1235 tertia,

1396 1245 1626 1313 quarta,
1656 1244 1707 1294 et
1745 1239 1947 1314 quinta
1970 1240 2150 1318 feriis
2181 1261 2285 1316 per
2308 1241 2564 1298 ordinem
2583 1261 2607 1297 .·

1397 1316 1598 1391 quibus
1639 1314 1829 1389 dictis,
1867 1317 2287 1395 reincipiantwr
2325 1320 2601 1397 subscrip-

1394 1401 1455 1450 ta
1480 1415 1505 1464 ,·
1529 1392 1555 1425 ‘¹
1595 1401 1645 1450 et
1671 1401 1801 1451 sunt
1824 1415 2017 1452 novem
2044 1397 2110 1453 in
2134 1417 2383 1455 nwnero,

1469 1469 1746 1540 Alleluya.
1797 1470 1857 1525 V.
1946 1471 2111 1526 Mane
2158 1471 2451 1540 nobiseum,
2497 1474 2601 1527 Do-

1393 1539 1557 1608 mine,
1605 1540 1738 1610 quia
1783 1540 2053 1596 declinata
2094 1549 2176 1596 est
2216 1542 2337 1613 jam
2375 1544 2489 1598 dies
2528 1544 2599 1598 ad

1392 1627 1484 1665 ves
1551 1618 1718 1664 rum.0

1521 1679 1737 1751 lleluya.
1788 1681 1847 1735 V.
1921 1680 2215 1753 Oportebat
2261 1684 2373 1753 pati
2419 1683 2597 1737 Chris-

1390 1754 1512 1804 tum
1531 1757 1587 1806 et
1609 1767 1879 1822 resurgere
1894 1769 1928 1805 a.
1944 1754 2171 1806 mortuis
2191 1772 2203 1806 ε
2224 1761 2278 1808 et
2296 1753 2375 1807 ita
2393 1754 2597 1808 intrare

1390 1821 1451 1875 in
1514 1821 1703 1876 loriam
1728 1821 1924 1877 suam!

1519 1892 1737 1964 lleluyn.
1798 1893 1859 1946 V.
1931 1892 2179 1947 Christus
2212 1910 2333 1948 resu
2428 1910 2495 1947 ns
2530 1910 2597 1948 ex

1389 1964 1619 2016 mortuis
1644 1983 1656 2016 z
1675 1963 1793 2034 jam
1814 1979 1924 2017 non
1940 1964 2181 2034 moritur,
2198 1965 2371 2019 morsi
2420 1965 2433 1977 ’
2452 1965 2599 2019 ultra

1390 2049 1503 2087 non
1527 2033 1945 2089 dominabitur.8

1462 2104 1736 2176 Alleluyn.
1788 2105 1847 2159 V.
1920 2104 2162 2159 Surrexit
2196 2104 2493 2160 altissimus
2529 2105 2597 2160 de

1388 2174 1669 2296 {sepulchro
1709 2194 1721 2228 z
1761 2176 1857 2246 qui
1904 2192 2001 2247 pro
2042 2175 2198 2231 nobis
2237 2177 2494 2248 pependit
2533 2177 2595 2230 in

1413 2261 1430 2295 1
1470 2261 1556 2299 no.

1431 2262 1731 2387 gAlleluya..
1799 2316 1860 2372 V.
1951 2315 2197 2372 Surrexit
2245 2317 2491 2372 Christus
2537 2323 2595 2373 et

1385 2383 1579 2469 illuxit
1609 2386 1805 2458 populo
1836 2402 1933 2441 suo
1974 2407 1986 2440 ε
2025 2404 2186 2459 quem
2221 2389 2449 2443 redemit
2485 2390 2597 2462 ipse

1389 2471 1854 2599 salligffliffiyssoffR
1930 2526 2175 2583 Christus
2221 2536 2466 2584 mortuus
2512 2537 2594 2584 est

1388 2603 1604 2676 propter
1616 2598 1813 2652 delicta
1825 2603 2008 2652 nostra
2028 2618 2040 2650 z
2060 2605 2115 2652 et
2132 2601 2364 2654 surrexit
2381 2610 2597 2672 propter

1381 2667 1829 2737 justificationem
1855 2667 2144 2722 nostram.¹²

1458 2737 1495 2770 ’θ
1530 2737 1801 2808 Alleluya.
1857 2737 1917 2790 V.
1979 2736 2213 2808 Surgens
2229 2738 2391 2793 Jesus
2411 2739 2591 2792 Domi-

1387 2823 1492 2859 nus
1510 2813 1690 2861 noster
1716 2828 1727 2860 :
1751 2807 1904 2861 stetit
1925 2806 1986 2860 in
2012 2809 2187 2861 medio
2210 2808 2593 2881 discipulorum

1386 2894 1604 2931 suorum
1635 2897 1646 2930 :
1673 2882 1729 2932 et
1756 2877 1929 2943 dixit;
1976 2877 2091 2931 Pax
2117 2877 2300 2932 vobis.¹

1459 2947 1734 3019 Alleluya.
1799 2948 1858 3001 V.
1932 2946 2176 3002 Surrexit
2225 2949 2489 3002 Dominus
2536 2957 2591 3004 et

1386 3035 1667 3073 occurrens
1708 3018 2025 3072 mulieribus
2066 3019 2177 3085 ait;
2218 3022 2394 3073 Avete
2422 3039 2432 3072 :
2461 3026 2594 3075 tunc

1385 3095 1720 3144 accesserunt
1743 3096 1798 3144 et
1822 3095 2115 3143 tenuerunt
2139 3090 2297 3160 pedes
2321 3089 2470 3159 ejus)

1458 3158 1731 3231 Alleluya..
1802 3160 1862 3213 V.
1953 3157 2021 3210 In
2063 3159 2150 3212 die
2192 3160 2594 3214 resurrectionis

1385 3247 1538 3298 meae‚
1577 3230 1709 3284 dicit
1747 3228 2025 3297 Dominus,
2065 3229 2362 3300 praeoedam
2401 3247 2495 3285 vos
2531 3231 2592 3284 in

1386 3300 1725 3355 Galilaeam.k

1463 3371 1538 3431 Si
1561 3372 1628 3429 in
1653 3373 1758 3430 hac
1785 3369 2100 3430 Dominica
2126 3372 2211 3429 vel
2236 3371 2302 3429 in
2320 3372 2590 3449 sequenti-

1387 3449 1484 3507 bus
1511 3451 1627 3524 fiat
1652 3451 1944 3508 servitium
1983 3448 2049 3505 de
2077 3449 2268 3525 aliquo
2280 3448 2427 3525 sesto
2463 3470 2590 3507 cum

1386 3527 1660 3603 reqimine
1686 3528 1858 3599 chori,
1881 3536 2011 3585 tunc
2039 3527 2118 3584 ad
2142 3528 2373 3585 missam
2401 3548 2586 3585 secun-

1386 3605 1526 3663 dum
1543 3604 1801 3677 Alleluya
1816 3628 1928 3664 non
1945 3605 2053 3663 erit
2067 3605 2135 3663 de
2151 3605 2478 3675 Dominica,
2495 3605 2592 3663 sed

1386 3703 1566 3740 unum
1586 3683 1653 3742 de
1668 3705 1861 3742 ‘novem
1871 3684 2170 3761 proedictis
2185 3705 2295 3760 per
2313 3684 2587 3742 ordinem.

1386 3872 1416 3911 Β
1450 3864 1521 3917 ad
1546 3863 1701 3918 Rom.
1726 3863 1796 3917 vi.
1825 3863 1895 3934 (ν.
1923 3862 1971 3915 9.

1390 3934 1421 3972 ¹²
1456 3935 1528 3988 ad
1553 3934 1706 3988 Rom.
1733 3934 1803 3988 iv.
1834 3934 1904 4004 (v.
1931 3934 1965 3985 2
2005 3934 2043 4004 .)
2099 3949 2104 3954 ·

1390 4004 1407 4042 ¹
1453 4004 1617 4059 Lucae
1638 4004 1783 4058 xxiv.
1812 4004 1887 4074 (v.
1916 4003 2000 4057 36.

1385 4074 1404 4121 1
1446 4075 1608 4130 Matt.
1634 4074 1818 4129 xxviii.
1847 4074 1917 4145 (v.
1945 4004 2027 4146 93

1391 4144 1422 4181 k
1446 4145 1617 4201 Marci
1641 4146 1747 4200 xvi.
1776 4144 1846 4216 (v.
1878 4144 1951 4214 7.)

1387 4391 1536 4445 chori
1568 4391 1835 4458 vacaverit,
1872 4392 2074 4445 dicitur
2113 4394 2277 4445 missa
2316 4394 2381 4446 de
2420 4410 2592 4447 resur-

1386 4463 1607 4515 rectione
1662 4461 1887 4514 Domini
1930 4462 2067 4514 sicut
2112 4463 2175 4515 in
2220 4463 2306 4516 die
2351 4464 2589 4530 Paschae,

67 4563 210 4600 onem
246 4540 493 4608 Domini,
530 4540 582 4593 si
614 4555 651 4591 a
677 4534 841 4607 festis
874 4553 994 4589 cum
1028 4534 1280 4602 reyimine
1376 4538 1578 4601 praeter
1617 4531 1861 4598 Gradale,
1901 4530 2248 4600 sequentiam,
2281 4531 2592 4586 Communi-

337 4611 465 4676 25*
