2975 5009
178 259 299 322 393

180 429 304 488 estis
337 448 493 487 nunc
526 427 601 486 ad
641 437 928 506 pastorem
955 435 1016 487 et
1056 427 1377 506 episcopum

180 509 491 566 animarum
521 517 857 565 vestrarum.

245 583 517 655 Alleluya.
570 584 629 637 V.
704 583 816 653 Ego
835 599 954 636 sum
979 587 1162 654 pastor
1178 582 1378 637 bonus:

183 660 232 710 et
252 672 509 727 cognosco
533 671 656 709 oves
679 670 838 724 meae,
865 658 921 707 et
945 657 1273 724 cognoscunt
1297 668 1384 706 me

189 743 326 782 meae.

247 795 521 866 Alleluya.
573 795 633 849 V.
705 793 952 850 Surrexit
974 798 1157 864 pastor
1179 794 1381 858 bonns;

186 867 270 937 qni
293 869 476 938 posuit
499 866 740 919 animam
765 882 918 919 suam
943 882 1039 975 pro
1061 881 1220 935 grege
1244 871 1387 918 ειιο.ιι

260 938 583 997 Secundum
610 936 950 995 Johannem.

262 1017 335 1074 In
363 1016 464 1073 illo
504 1025 781 1093 tempore,
810 1015 980 1072 Dixit
1013 1012 1183 1072 Jesus
1223 1013 1390 1071 disci·

226 1093 326 1153 ulis
382 1093 559 1165 snis3r
594 1094 719 1173 Ego
772 1113 895 1151 sum
950 1101 1143 1171 pastor
1190 1093 1386 1150 bonus.

190 1115 374 1231 {onus
416 1181 610 1251 pastor
648 1171 897 1229 animam
945 1191 1102 1228 suam
1147 1170 1246 1227 dat
1287 1190 1391 1247 pro

196 1252 381 1310 ovibus
426 1251 558 1308 suis.
656 1250 1047 1308 Mercenarius
1089 1258 1281 1307 autem
1332 1256 1393 1306 et

197 1331 285 1408 qui
322 1349 449 1387 non
494 1336 582 1387 est
633 1336 841 1407 pastor,
889 1328 1046 1406 cujus
1092 1346 1205 1384 non
1259 1335 1394 1384 sunt

196 1429 315 1467 oves
341 1408 613 1488 propriae,
642 1407 795 1465 videt
821 1406 1018 1484 lupum
1045 1405 1392 1476 venientem,

196 1496 249 1547 et
270 1486 521 1545 dimittit
540 1504 668 1543 oves
690 1492 750 1544 et
767 1483 940 1563 fugit:
983 1493 1041 1542 et
1056 1483 1220 1561 lupus
1242 1483 1395 1561 rapit

196 1575 250 1625 et
272 1564 556 1645 dispergit
583 1583 712 1623 oves
736 1585 749 1622 ε
794 1562 1168 1622 mercenarius
1203 1571 1392 1619 autem

192 1644 348 1723 sugit,
405 1645 539 1721 quia
589 1642 965 1700 mercenarius
1018 1648 1121 1712 est,
1166 1648 1226 1698 et
1278 1659 1393 1696 non

197 1724 443 1802 pertinet
471 1721 543 1779 ad
572 1742 703 1779 eum
731 1721 801 1778 de
824 1720 1034 1777 ovibus
1115 1717 1241 1796 Ego
1270 1737 1395 1775 sum

198 1810 384 1879 pastor
405 1802 602 1871 bonus,
625 1810 686 1858 et
705 1817 974 1877 cognosco
991 1812 1016 1841 0
1037 1806 1201 1854 oves⁰
1223 1816 1394 1867 meas,

199 1890 253 1939 et
277 1899 341 1938 co
423 1886 622 1936 oscunt
660 1897 753 1935 me
793 1897 955 1934 meae.
1040 1874 1197 1934 Sicut
1238 1874 1399 1932 novit

200 1979 286 2018 me
370 1959 513 2029 ater,
543 1965 603 2015 et
630 1976 734 2033 ego
762 1974 999 2033 agnosco
1025 1951 1291 2010 Patrem:
1338 1961 1399 2011 et

197 2037 444 2095 animam
474 2054 658 2093 meam
700 2053 847 2112 pono
887 2052 988 2110 pro
1016 2031 1208 2089 ovibus
1239 2030 1395 2089 meis.

203 2117 279 2175 Et
304 2114 441 2173 alias
470 2134 600 2172 oves
641 2113 819 2171 habeo
857 2132 983 2190 quae
1012 2130 1123 2167 non
1165 2118 1296 2167 sunt
1325 2129 1399 2166 ex

201 2193 301 2252 hoc
322 2191 483 2251 ovili:
514 2199 574 2250 et
600 2188 722 2249 illas
743 2198 967 2269 oportet
986 2209 1078 2247 me
1098 2187 1396 2260 adducere,

201 2283 256 2332 et
285 2291 477 2330 vocem
506 2291 690 2329 meam
718 2269 966 2341 audient,
996 2275 1055 2326 et
1090 2267 1195 2332 fiet
1222 2286 1398 2324 unum

201 2350 358 2422 ovile,
389 2358 450 2408 et
477 2369 624 2407 unus
651 2356 860 2425 pastor.

283 2428 696 2504 offertorium.d

273 2505 428 2575 Deus,
451 2505 598 2558 Deus
621 2518 785 2571 mem,
806 2502 876 2556 ad
901 2506 956 2555 te
979 2501 1046 2555 de
1069 2499 1188 2554 luce
1205 2498 1370 2570 vigilo
1389 2518 1400 2554 z

199 2584 254 2630 et
282 2575 349 2629 in
391 2575 613 2630 nomine
655 2581 749 2628 tuo
784 2573 972 2627 levabo
1008 2587 1204 2625 manus
1238 2587 1401 2640 meas,

201 2647 453 2718 alleluya.

284 2716 526 2775 Secreta.

283 2795 748 2855 Benedictionem
778 2792 958 2862 nobis,
980 2790 1248 2861 Domine,
1270 2809 1402 2848 con-

201 2874 348 2934 ferat
389 2872 693 2933 salutarem
720 2891 877 2929 sacra
901 2890 1125 2948 semper
1165 2867 1403 2927 oblatio:

203 2964 266 3013 ut
284 2953 439 3032 quod
459 2952 578 3030 agit
597 2950 868 3026 mysterio
888 2949 1097 3006 virtute
1125 2946 1405 3027 perficiat.

207 3033 321 3091 Per
351 3031 683 3089 Dominum.

289 3107 677 3168 communiae

277 3186 397 3257 Ego
437 3202 560 3238 sum
600 3189 779 3255 pastor
818 3182 1006 3250 bonus,
1050 3177 1286 3250 alleluya
1315 3197 1327 3231 ε
1360 3182 1416 3232 et

205 3273 466 3329 cognosco
508 3271 632 3309 oves
671 3270 817 3307 meas
856 3259 912 3306 et
957 3254 1285 3323 cognoscunt
1326 3265 1413 3302 me

206 3345 360 3397 meae,
386 3325 637 3396 alleluya,
667 3324 916 3395 alleluya.

286 3397 769 3457 PostcommuniO.

289 3479 524 3535 Praesta
564 3475 742 3544 nobiS,
783 3489 1120 3551 quaesumuS,
1159 3467 1416 3547 omnipo-

208 3566 344 3615 tens
377 3562 439 3612 et
474 3552 789 3611 misericors
818 3554 970 3609 Deus
990 3594 1004 3621 ,
1023 3557 1088 3607 ut
1118 3546 1416 3606 vivificati-

211 3637 342 3694 onis
367 3640 485 3691 tuae
512 3632 753 3710 gratiam
781 3635 1204 3705 consequentes,
1232 3626 1290 3682 in
1318 3633 1419 3683 tuo

211 3730 448 3790 semper
474 3729 710 3768 munere
736 3708 1064 3789 gloriemur.
1164 3703 1296 3762 Per.

213 3981 241 4012 ⁸
277 3969 324 4023 J
326 3968 486 4023 ohan.
514 3982 627 4036 cap.
655 3981 705 4018 x.
734 3964 807 4034 (v.
835 3964 919 4034 14,
947 3963 1059 4034 11.)

214 4043 244 4152 ἰ
279 4056 403 4166 ἓῖέῒ
423 4034 890 4189 astitit&-
934 4146 947 4160 .

662 269 1116 321 HEBDOMADA
1166 270 1245 321 11.
1290 270 1463 318 POST
1512 269 1837 321 OCTAVAS
1882 270 2204 321 PASCHAE.

2556 257 2685 321 394

1583 429 1797 502 Feria
1830 442 2110 525 quarta.

1541 524 1755 663 lLectio
1794 527 2069 605 Epistolae
2110 527 2258 588 beati
2294 529 2461 588 Petri
2499 528 2689 609 Apos-

1482 613 1537 663 to
1561 606 1629 662 is

1562 683 1871 756 Carissimi,
1922 684 2177 744 Scientes
2221 686 2370 763 quod
2413 706 2530 744 non
2567 706 2689 745 cor-

1485 762 1846 840 ruptibilibus
1870 772 2108 842 argento
2136 762 2225 821 vel
2249 783 2385 822 auro
2411 765 2690 843 redempti

1486 842 1620 900 estis
1674 840 1748 899 de
1815 862 1959 899 vana
2025 849 2212 901 vestra
2272 844 2692 903 conversatione

1487 928 1747 998 paternoe
1773 920 2122 978 traditionis:
2166 921 2266 980 sed
2294 920 2540 998 pretioso
2565 941 2691 980 san·

1487 997 1660 1076 guine
1766 999 1884 1056 uasi
1947 999 2078 1078 agni
2143 999 2572 1058 incontaminati
2637 1008 2696 1058 et

1490 1078 1733 1134 immacu
1755 1077 1835 1134 ati
1886 1076 2102 1136 Christi
2126 1098 2137 1135 :
2189 1079 2519 1158 praecogniti
2570 1078 2695 1156 qui-

1492 1155 1625 1212 dem
1642 1162 1775 1213 ante
1797 1157 1995 1213 mundi
2017 1157 2496 1228 constitutionem,
2517 1158 2697 1214 mani-

1490 1231 1681 1291 festati
1724 1242 1914 1291 autem
1960 1235 2274 1293 novissimis
2326 1246 2445 1294 tem
2490 1235 2694 1307 oribuS,

1494 1320 1730 1402 propter
1758 1331 1854 1370 vos
1883 1313 1977 1390 qui
2006 1334 2110 1392 per
2138 1314 2322 1392 ipsum
2345 1313 2458 1373 fide
2482 1335 2542 1374 es
2564 1315 2698 1373 estis

1495 1408 1556 1445 ln
1583 1396 1613 1435 Β
1630 1392 1869 1461 Deum‚⁸
1895 1393 1989 1468 qui
2014 1392 2302 1450 suscitavit
2329 1412 2459 1450 eum
2485 1414 2522 1451 a
2549 1413 2697 1450 mor-

1495 1467 1608 1526 tuis
1636 1473 1694 1525 et
1720 1468 1880 1526 dedit
1900 1470 1951 1526 ei
1971 1469 2228 1549 gloriam,
2256 1478 2322 1528 ut
2349 1470 2492 1529 fides
2515 1480 2701 1530 vestra

1496 1555 1556 1605 et
1580 1565 1707 1623 spes
1734 1554 1881 1604 esset
1921 1548 1981 1604 in
2021 1547 2147 1605 Deo
2174 1569 2190 1606 :
2245 1548 2461 1607 animas
2485 1557 2699 1607 vestras

1494 1622 1523 1655 ¹¹
1543 1623 1918 1682 castificantes
1935 1623 1966 1662 ¹²
2002 1626 2061 1682 in
2092 1625 2414 1684 obedientia
2449 1627 2700 1686 caritatis

1495 1702 1557 1760 in
1571 1700 1946 1761 fraternitatis
1962 1723 2174 1776 amore,
2190 1702 2425 1781 simplici
2444 1724 2516 1763 ex
2533 1705 2701 1764 corde

1496 1781 1739 1838 invicem
1766 1779 1986 1860 diligite
2012 1782 2319 1842 attentius:
2369 1782 2555 1841 renati
2583 1803 2700 1841 non

1499 1878 1574 1917 ex
1600 1859 1815 1917 semine
1842 1859 2215 1939 corruptibili,
2237 1861 2337 1919 sed
2357 1861 2700 1939 incorrupti·

1498 1937 1616 2008 bili,
1659 1957 1763 2015 per
1802 1939 2036 1995 verbum
2077 1939 2185 1997 Dei
2225 1939 2336 1996 vivi
2378 1947 2438 1997 et
2476 1958 2699 2017 perma-

1501 2017 1720 2075 nentisi
1740 2014 1797 2074 in
1818 2019 2137 2075 aeternum.¹
2208 2017 2355 2084 Quia
2370 2017 2552 2076 omnis
2572 2037 2703 2076 caro

1497 2094 1714 2153 foenum
1740 2116 1755 2154 ε
1797 2104 1858 2154 et
1877 2098 2059 2154 omnis
2086 2094 2267 2175 gloria
2286 2095 2403 2174 ejus
2429 2105 2699 2174 tanquam

1499 2172 1603 2231 flos
1644 2172 1816 2232 foeni:
1879 2175 2103 2234 exaruit
2149 2176 2302 2234 enim
2356 2173 2589 2247 foenum,
2640 2182 2701 2234 et

1500 2251 1606 2310 flos
1633 2252 1754 2331 ejus
1791 2253 2036 2312 decidit:
2085 2255 2323 2313 verbum
2362 2262 2554 2314 antem
2581 2254 2702 2313 Do-

1499 2331 1645 2388 mini
1676 2340 1872 2390 manet
1897 2333 1956 2389 in
1987 2341 2287 2391 aeternum.

1585 2407 1905 2467 Secwndum
1931 2408 2189 2469 Lucam)

1585 2486 1657 2545 In
1685 2486 1783 2546 illo
1809 2497 2086 2568 tempore,
2117 2490 2256 2549 Una
2281 2488 2498 2548 sabbati
2537 2487 2701 2548 valde

1497 2564 1745 2624 diluculo
1771 2576 2053 2626 venerunt
2087 2566 2353 2627 mulieres
2389 2569 2461 2626 ad
2499 2587 2701 2627 monu-

1499 2651 1777 2717 mentum,
1831 2654 2125 2722 portantes
2178 2665 2305 2723 quae
2360 2652 2702 2723 paraverant

1498 2729 1769 2779 aromata.
1879 2722 1958 2781 Et
1997 2724 2338 2782 invenerunt
2383 2723 2699 2782 revolutum

1498 2798 1746 2877 lapidem
1786 2819 1822 2856 a
1860 2810 2266 2872 monument03
2313 2801 2394 2859 Et
2431 2801 2702 2879 ingressae

1500 2896 1613 2934 non
1654 2877 1996 2937 invenerunt
2035 2899 2234 2958 corpus
2272 2877 2508 2936 Domini
2542 2879 2584 2936 J
2585 2900 2700 2938 esu.

1499 2954 1581 3017 Et
1600 2954 1809 3013 factum
1830 2965 1934 3028 est,
1956 2957 2093 3015 dum
2115 2964 2307 3016 mente
2327 2965 2701 3017 consternatae

1503 3043 1692 3093 essent
1726 3035 1799 3094 de
1838 3034 1965 3107 isto,
1995 3055 2119 3093 ecce
2144 3035 2257 3092 duo
2283 3035 2390 3092 viri
2417 3043 2705 3095 steterunt

1498 3112 1665 3190 juxta
1706 3112 1828 3172 illas
1880 3114 1942 3171 in
1985 3122 2141 3172 veste
2192 3111 2453 3192 fulgenti.
2558 3115 2702 3174 Cum

1504 3192 1777 3250 timerent
1801 3200 1992 3249 antem
2020 3207 2078 3251 et
2108 3189 2457 3250 declinarent
2483 3191 2703 3250 vultum

1506 3270 1566 3327 in
1613 3277 1846 3342 terram,
1893 3270 2167 3328 dixerunt
2210 3270 2285 3328 ad
2323 3268 2484 3341 illa-³3
2549 3269 2706 3338 Quid

1509 3347 1763 3425 quaeritis
1786 3349 2071 3407 viventem
2091 3368 2217 3406 cum
2243 3349 2514 3407 mortuis?
2568 3348 2629 3406 N
2631 3368 2705 3407 on

1510 3434 1598 3485 est
1660 3425 1771 3498 hic,
1824 3428 1924 3487 sed
1973 3425 2223 3485 surrexit
2251 3446 2262 3483 ε
2331 3426 2705 3485 recordamini

1509 3504 1751 3583 qualiter
1790 3503 2004 3563 locutus
2040 3512 2126 3564 est
2166 3504 2321 3562 vobis
2360 3524 2487 3562 cum
2526 3505 2710 3564 adhuc

1511 3585 1573 3641 in
1604 3582 1845 3642 Galilaea
1869 3591 2034 3656 esset,
2055 3582 2246 3642 dicens
2255 3604 2271 3654 ;
2313 3583 2461 3650 Quia
2485 3602 2518 3640 o
2558 3591 2711 3642 ortet

1515 3661 1724 3720 Filium
1747 3662 2015 3722 Hominis
2040 3661 2191 3721 tradi
2218 3660 2278 3718 in
2305 3680 2504 3719 manus
2572 3661 2710 3720 omi-

1518 3949 1541 3988 f
1580 3949 1611 4002 1
1639 3950 1788 4006 Petri
1812 3968 1925 4025 cap.
1955 3952 2005 4008 1.
2031 3953 2088 4007 O.
2141 3972 2190 4009 v.
2218 3954 2436 4027 18-25.)

1521 4029 1550 4067 s
1586 4020 1871 4076 Deo—92.
1901 4023 1986 4079 97.
2014 4024 2098 4079 98.
2180 4068 2193 4079 .

1519 4091 1552 4129 ¹²
1585 4092 1717 4148 casti
1788 4094 2083 4149 ntes—92.
2109 4094 2194 4150 98.
2220 4096 2318 4151 4L.
2345 4096 2431 4152 57.

1524 4167 1541 4205 ¹
1583 4180 1695 4217 non
1791 4164 1921 4218 bent
1945 4164 2030 4220 92.
2058 4166 2143 4221 97.
2172 4167 2256 4221 98.
2283 4168 2381 4222 4L.
2408 4168 2494 4225 57.

1523 4237 1542 4284 1
1588 4250 1702 4304 cap.
1729 4234 1875 4292 xxiv.
1903 4235 1973 4290 A.
2002 4235 2074 4307 (v.
2103 4236 2285 4309 1-12.)
2362 4274 2381 4282 -
