2975 5009
311 209 352 266 3
654 204 674 281 ξ
707 201 804 294 {53
836 195 1520 311 :·2i>nqii1{·{q4{1>mMA.
1551 218 1942 269 Anvnnws
1974 219 2257 269 nomm.
2798 203 2840 265 4

388 377 525 435 Non
565 377 780 435 dicitur
821 377 1019 438 Gloria
1052 377 1112 434 in
1153 375 1383 436 excelsis
1416 397 1525 453 per

314 464 488 514 totum
506 455 848 527 Adventum,
876 457 943 513 de
969 477 1290 533 quocunque
1308 454 1525 512 dicitur

312 535 526 592 missa:
567 555 665 592 nec
706 555 742 591 a
782 534 1203 612 Septuaqesima
1237 553 1407 610 usque
1448 533 1526 590 ad

317 612 583 689 viqiliam
608 613 860 670 Paschae.

394 691 510 748 His
527 691 793 767 peractiS,
808 690 1070 766 factoque
1089 689 1377 766 siqnaculo
1398 709 1525 746 cru-

317 770 396 826 cis
449 769 515 826 in
550 767 708 844 facie
760 790 882 840 sua,
926 776 1103 825 vertat
1161 789 1215 825 se
1273 766 1525 824 sacerdos

319 847 396 903 ad
418 846 714 937 populum,
744 847 1069 922 elevatisque
1105 845 1526 921 aliquantulum

319 926 580 995 brachiis,
597 926 918 1001 junctisque
944 925 1223 996 manibus,
1244 923 1400 980 dicat
1427 923 1526 980 hoc

320 1003 501 1074 mod0,

425 1080 703 1138 Dominus
761 1080 1060 1139 vobiscum.
1167 1080 1250 1138 Et
1313 1076 1526 1138 Chorus

321 1158 662 1236 respondeat,

405 1238 485 1296 Et
513 1257 640 1294 cum
667 1235 868 1315 spiritu
894 1244 1011 1307 tuo,
1039 1238 1137 1293 sub
1165 1235 1350 1293 eodem
1382 1242 1526 1292 tono.

323 1317 404 1373 Et
462 1316 667 1372 iterum
725 1323 961 1373 revertat
1017 1336 1070 1372 se
1135 1314 1385 1372 sacerdos
1452 1313 1530 1370 ad

325 1388 522 1465 altare,
551 1401 602 1451 et
627 1394 783 1451 dicat
813 1392 1071 1452 Oremus,

405 1473 487 1529 Et
521 1472 940 1562 quotiescunque
992 1472 1206 1529 dicitur
1252 1469 1533 1527 Dominus

324 1550 606 1608 vobiscum
676 1551 755 1607 ad
824 1551 1075 1620 missam,
1149 1569 1361 1626 semper
1432 1547 1533 1604 sub

328 1629 511 1687 eodem
557 1637 683 1686 tono
730 1629 945 1704 dicitur
990 1628 1254 1685 similiter
1300 1634 1349 1683 et
1388 1625 1531 1684 Ore-

327 1727 484 1779 mus;
528 1707 646 1764 nisi
673 1708 738 1764 in
762 1706 1220 1783 Praefationibus,
1249 1712 1299 1761 et
1324 1704 1443 1761 nisi
1467 1702 1536 1760 in

327 1786 500 1843 missa
546 1784 912 1862 Sponsalium
958 1805 1084 1842 cum
1113 1785 1190 1859 fit
1237 1781 1536 1839 benedictio

327 1884 493 1940 super
543 1884 805 1940 sponsum
845 1871 894 1920 et
945 1882 1205 1952 sponsam
1246 1868 1372 1917 ante
1411 1859 1537 1916 Pax

329 1941 580 1999 Domini.
679 1941 838 1998 Tunc
877 1942 1027 1998 enim
1055 1939 1268 1996 dicitur
1292 1938 1390 2010 sic,
1418 1938 1536 1996 Do-

330 2020 517 2077 minus
543 2018 847 2077 vobiscum.
930 2017 1185 2076 Oremus.
1270 2016 1386 2075 Per
1415 2036 1535 2074 om

330 2098 425 2156 nia
464 2096 664 2155 saecula
703 2096 1049 2155 saeculorum.
1132 2096 1242 2152 Res
1394 2102 1532 2165 etur,

331 2176 544 2247 Amen,
574 2184 623 2233 et
649 2175 714 2233 in
741 2174 1119 2233 consimilibus
1159 2174 1244 2231 ita
1276 2173 1537 2230 determi-

329 2254 538 2311 nando,

409 2331 632 2389 Deinde
658 2330 885 2388 dicatur
908 2351 1132 2406 sequens
1151 2330 1197 2420 †
1312 2328 1531 2387 Orati0.

409 2410 633 2481 Excita,
660 2429 995 2487 quaesumuS,
1029 2407 1293 2479 Domine,
1328 2415 1534 2499 poten-

330 2489 469 2546 tiam
497 2500 655 2547 tuam
683 2496 742 2547 et
777 2488 938 2546 veni.
988 2494 1052 2544 ut
1083 2489 1152 2545 ab
1184 2485 1535 2543 imminenti-

331 2569 434 2624 bus
480 2574 837 2644 peccatorum
883 2572 1207 2622 nostrorum
1255 2562 1534 2655 periculis»,

331 2653 391 2703 te
456 2664 775 2704 mereamur
821 2649 1182 2735 protegente
1249 2641 1409 2721 eripi,
1476 2650 1537 2700 te

331 2723 610 2782 liberante
636 2721 855 2781 salvari.
936 2721 1048 2789 Qm
1076 2741 1214 2779 vivis
1242 2727 1300 2779 et
1333 2740 1537 2811 regnas

331 2821 458 2859 cum
505 2802 630 2861 Deo
684 2801 859 2860 Patre
905 2800 966 2857 in
1020 2801 1238 2859 unitate
1293 2798 1537 2878 Spiritus

333 2881 520 2939 Sancti
563 2880 735 2953 Deus,
764 2899 867 2958 per
905 2878 1095 2937 omnia
1128 2876 1330 2936 saecula
1364 2897 1535 2936 seecu-

333 2958 534 3017 lorum.
616 2958 824 3017 Amen.

411 3037 630 3095 Iterum
672 3036 828 3095 dicat
868 3034 1118 3092 sacerdos
1168 3033 1429 3106 OremuS,
1474 3042 1539 3091 ut

335 3136 401 3173 su
440 3136 526 3172 ra.

392 3136 706 3282 {demoria
715 3191 783 3248 de
807 3198 1002 3249 sancta
1019 3190 1244 3247 Maria.
1315 3189 1535 3248 Oratio.

411 3270 588 3342 Deae,
615 3269 712 3348 qui
750 3270 822 3328 de
861 3271 1044 3328 beatae
1073 3268 1278 3327 Mariae
1313 3288 1539 3345 semper

336 3349 568 3429 virginis
621 3358 785 3408 utero
832 3351 929 3406 &a
957 3356 1021 3405 ut
1073 3346 1248 3424 infra.

392 3505 474 3563 Et
489 3505 556 3562 de
571 3525 889 3582 quocunque
897 3503 1112 3561 dicitur
1128 3503 1316 3573 missa,
1330 3521 1542 3579 semper

323 3584 437 3659 fiat
489 3583 760 3641 memoria
806 3583 873 3639 de
914 3590 1109 3639 sancta
1159 3581 1366 3638 Maria
1412 3601 1540 3637 cum

322 3661 603 3752 praedicta
648 3660 915 3720 Oratione
953 3681 1122 3736 usque
1162 3659 1241 3716 ad
1278 3658 1544 3736 viqiliam

332 3739 404 3797 N
398 3740 677 3797 ativitatis
690 3738 962 3800 Domini.
1050 3736 1195 3797 Cum
1222 3759 1347 3795 vero
1358 3735 1545 3814 fuerit

335 3909 361 3937 ὃ
397 3907 452 3953 et
487 3899 546 3952 in
582 3898 828 3954 Paschali
865 3904 1104 3968 tempore
1127 3913 1292 3966 quam
1327 3897 1387 3950 in
1423 3896 1545 3950 aliis

337 3971 678 4052 temporibus.
706 3969 790 4022 26.
820 3968 979 4023 Grad.

334 4042 364 4079 b
399 4041 505 4094 de
491 4058 606 4111 ipso
649 4040 735 4093 26.

405 4190 440 4223 ἥ
463 4194 591 4242 tunc
612 4189 872 4240 memorioe
888 4187 939 4240 si
959 4185 1251 4241 habeantur
1267 4186 1330 4239 de
1346 4187 1545 4239 eoeteris

335 4261 531 4313 sanctis
576 4259 638 4311 in
684 4258 862 4311 eadem
909 4259 1072 4311 missa
1116 4259 1386 4311 dicuntur.
1479 4255 1546 4309 Si

335 4348 447 4384 vero
509 4329 647 4382 uerit
673 4330 835 4381 missa
857 4328 1188 4382 dominicalis
1210 4333 1337 4381 tunc
1357 4343 1542 4379 memo·

335 4404 423 4453 ria
537 4400 797 4453 Trinitate
815 4398 931 4468 fiat
952 4420 968 4450 .·
1006 4404 1053 4451 et
1079 4397 1544 4468 reliquae.-Grad.

406 4471 445 4540 †
478 4470 542 4523 de
562 4470 827 4524 dominica
853 4471 927 4523 ad
959 4470 1109 4523 illam
1139 4469 1356 4522 missam
1380 4469 1545 4520 domi-

1636 379 1808 436 missa
1855 378 1922 434 de
1969 377 2162 453 aliquo
2213 383 2420 447 sanct0,
2470 375 2595 434 licet
2639 376 2846 454 duplex

1620 456 1831 533 festum
1860 455 2063 531 suerit,
2101 456 2187 513 vel
2223 455 2400 512 missa
2437 454 2599 513 Salus
2629 454 2841 533 populi,

1638 544 1768 593 tunc
1802 535 1916 609 fiat
1962 535 2235 591 memoria
2274 532 2342 590 de
2381 532 2648 590 Adventu
2688 542 2738 590 et
2781 534 2846 590 de

1638 621 1831 671 sancta
1858 612 2082 669 Maria.

1714 767 2067 837 Notandum,
2096 766 2244 843 quod
2270 767 2337 824 in
2361 767 2617 824 omnibus
2643 767 2847 824 Domi·

1636 847 1783 905 nicis
1823 854 1873 904 et
1912 847 1979 904 in
2000 844 2165 921 festis
2218 866 2345 902 cum
2384 846 2659 921 reqimine
2695 846 2850 903 chori

1629 946 1736 1002 per
1801 932 1976 982 totum
2042 944 2276 994 annum,
2350 924 2450 981 boc
2520 924 2852 999 qeneraliter

1637 1005 1960 1075 observetur,
1993 1011 2057 1059 ut
2097 1002 2174 1059 ad
2213 1002 2447 1059 missam
2473 1010 2550 1059 tot
2584 1002 2853 1060 dicantur

1644 1080 1892 1141 Collectoe
1946 1088 2087 1171 .‘-7'.‘⁶⁰t
2144 1080 2473 1137 dicebantur
2532 1081 2611 1137 ad
2666 1089 2853 1137 matu-

1639 1160 1808 1230 tinas,
1838 1159 1956 1216 nisi
1981 1160 2047 1217 in
2074 1159 2167 1215 die
2202 1158 2265 1215 N
2259 1158 2538 1215 ativitatis
2564 1159 2852 1216 Domini:

1641 1238 1726 1295 ita
1793 1246 1980 1295 tamen
2031 1236 2181 1313 quod
2234 1237 2312 1293 ad
2364 1236 2597 1294 missam
2658 1237 2853 1314 impar

1643 1336 1906 1374 numerus
1945 1316 2206 1393 ipsarum
2241 1314 2612 1374 O'ollectarum
2643 1336 2854 1392 semper

1644 1394 1993 1452 custodiatur
2019 1417 2036 1450 .·
2070 1393 2189 1451 nisi
2214 1394 2281 1451 in
2305 1394 2650 1450 hebdomada
2676 1393 2748 1450 N
2741 1394 2850 1451 ati-

1644 1472 1839 1529 vitatis
1864 1472 2110 1529 Domini
2144 1479 2381 1528 tantum.
2464 1471 2624 1528 Nam
2648 1473 2704 1528 si
2728 1472 2856 1529 duoe

1644 1551 1730 1608 vel
1772 1559 2012 1626 quatuor
2060 1549 2354 1608 Orationes
2394 1550 2678 1621 habentur,
2722 1558 2854 1608 tunc

1646 1629 1753 1686 erit
1773 1630 1940 1686 tertia
1961 1630 2045 1686 vel
2070 1628 2272 1705 quinta
2293 1626 2492 1686 Oratio
2513 1629 2580 1686 de
2600 1629 2854 1686 omnibus

1647 1707 1899 1765 sanctis:
1950 1708 2176 1779 scilicet,
2203 1706 2487 1777 Concede,
2515 1726 2857 1783 quaesumuS,

1650 1785 2005 1875 omnipotens
2024 1786 2197 1856 DeuS,
2217 1793 2284 1843 ut
2304 1784 2627 1844 intercessio
2648 1795 2858 1844 sanctae

1648 1863 1760 1922 Dei
1641 1862 2126 2078 Ρεγξθιιίῑτίοἰε,
2122 1885 2231 1941 per
2265 1871 2440 1921 totum
2476 1884 2707 1933 annum,
2738 1872 2858 1921 tam

1829 1942 2126 2000 dventum⁸
2145 1962 2317 2018 quam
2337 1943 2402 1999 in
2421 1942 2698 1999 Paschali
2722 1950 2856 1999 tem—

1945 1964 2180 2077 Tamenq
2205 2020 2430 2096 quando
2475 2021 2542 2077 in
2586 2021 2680 2078 die
2712 2019 2860 2096 festo

1648 2099 1864 2156 dicitur
1888 2099 2063 2155 missa
2089 2099 2157 2156 in
2182 2098 2461 2175 capitulo:
2499 2099 2563 2155 si
2576 2098 2762 2173 suerit
2790 2098 2861 2155 de

1649 2177 1841 2254 aliquo
1857 2176 2098 2234 sancto*
2122 2177 2422 2234 memoriab
2451 2178 2537 2251 (si
2528 2177 2861 2251 habeatur)

1648 2263 1698 2312 et
1737 2256 1908 2313 etiam
1935 2255 2214 2312 memoriae
2240 2254 2309 2311 de
2333 2255 2522 2312 ceteris
2546 2255 2755 2311 sanctis
2781 2255 2864 2311 ad
2891 2313 2894 2316 ,
2973 2237 2975 2278 ³

1649 2334 1880 2391 eandem
1906 2334 2137 2391 missam
2166 2333 2243 2390 ad
2260 2333 2544 2410 placitum
2569 2333 2858 2390 dicuntur.

1649 2411 1762 2471 Sed
1780 2412 1833 2468 si
1842 2410 2027 2488 fuerit
2043 2412 2217 2468 missa
2233 2411 2594 2468 dominicalis
2615 2411 2681 2468 in
2702 2412 2861 2488 capi-

1650 2490 1784 2560 tulo,
1807 2498 1938 2547 tunc
1960 2490 2038 2546 ad
2057 2490 2287 2547 eandem
2314 2490 2546 2546 missam
2565 2490 2633 2546 de
2651 2490 2861 2546 Domi-

1648 2568 1798 2639 nica,
1821 2569 1935 2644 fiat
1965 2568 2237 2625 memoria
2264 2568 2331 2625 de
2366 2567 2688 2625 Trinitate:
2727 2568 2864 2624 reli·
2973 2613 2975 2626 2

1649 2666 1772 2722 quae
1787 2667 1912 2703 vero
1925 2646 1958 2683 ’κ
1978 2646 2256 2703 memoriae
2265 2646 2342 2702 ad
2353 2666 2620 2721 maynam
2629 2646 2865 2703 missam
2973 2645 2975 2648 ’

1649 2725 1934 2781 dicuntur.
1997 2724 2072 2781 In
2088 2721 2416 2781 Dominicis
2426 2744 2549 2781 vero
2561 2732 2611 2780 et
2626 2722 2866 2799 infestis

1652 2823 1778 2859 cum
1800 2802 2069 2878 reqimine
2096 2801 2252 2858 chori
2278 2821 2312 2857 a
2340 2801 2566 2858 Pascha
2586 2822 2756 2878 usque
2784 2803 2867 2859 ad

1649 2879 2043 2938 Ascensionem
2058 2879 2322 2948 Domini,
2345 2879 2535 2936 diebus
2556 2879 2865 2937 dominicis

1651 2958 2105 3048 contingentibus,
2125 2956 2288 3014 nulla
2296 2958 2413 3033 fiat
2431 2958 2754 3036 memoria†
2782 2959 2867 3015 ad

1650 3038 1883 3095 missam
1907 3037 1976 3094 de
2000 3035 2304 3094 dominica.
2312 3036 2347 3113 †

1729 3117 2012 3173 Praeterea
2058 3115 2126 3173 in
2164 3114 2419 3204 omnibus
2455 3112 2620 3190 festis
2666 3134 2865 3171 novem

1654 3193 1967 3264 lectionum,
2021 3213 2143 3269 quae
2194 3192 2262 3249 in
2308 3192 2551 3267 jejuniis
2606 3191 2870 3262 Quotam·

1652 3280 1961 3348 temporum
1986 3272 2071 3327 vel
2095 3270 2162 3327 in
2186 3270 2407 3346 viqiliis
2432 3290 2526 3327 seu
2554 3290 2663 3346 per
2688 3278 2867 3327 totam

1656 3349 2192 3440 Quadraqesimam
2209 3348 2502 3419 evenerint,
2550 3347 2712 3406 nulla
2747 3349 2868 3423 fiat

1652 3428 1924 3485 memoria
1987 3428 2054 3484 de
2102 3426 2326 3503 j'ejunio
2380 3427 2458 3483 ad
2509 3426 2741 3483 missam
2794 3427 2867 3483 de

1643 3503 1827 3582 fhsto.⁰
1958 3505 2119 3563 Nam
2162 3514 2291 3582 post
2341 3505 2573 3561 missam
2625 3503 2693 3560 de
2717 3503 2867 3579 festo

1655 3584 1828 3641 missa
1854 3584 2092 3642 solennis
2116 3584 2231 3658 fiat
2266 3584 2332 3640 de
2358 3582 2597 3659 JsseyuniO,
2626 3590 2867 3658 utraque
2973 3567 2975 3634 J

1657 3662 1735 3719 ad
1748 3662 2076 3740 principale
2104 3661 2297 3719 altare.

1658 3905 1682 3933 ⁸
1707 3912 1879 3964 neque
1896 3894 1966 3949 ad
1991 3894 2207 3948 missam
2232 3894 2299 3947 de
2316 3893 2529 3964 jejunio
2546 3894 2643 3947 fiat
2666 3909 2868 3947 memo·

1656 3966 1739 4020 ria
1761 3965 1829 4019 de
1850 3965 1998 4019 festo.
2019 3965 2105 4019 26.
2134 3965 2293 4019 Gmd.

1656 4186 1876 4237 nicalem
1912 4200 2030 4254 quae
2066 4185 2167 4236 erit
2202 4185 2267 4237 de
2301 4183 2708 4250 Resurrectione,
2754 4185 2876 4237 licet

1656 4256 1917 4308 memorioe
1958 4252 2180 4324 fuerint
2223 4255 2387 4322 ptius
2444 4254 2638 4315 di50tae
2707 4270 2877 4336 neque

1655 4293 2878 4407 ullamemoriafiatdedominicaadmissam

1658 4401 1957 4450 sanctorum
2010 4397 2072 4448 in
2130 4395 2408 4447 dominicis
2460 4395 2596 4447 dicto
2650 4400 2879 4463 tempore

1660 4467 2085 4536 continyentium.
2092 4465 2321 4519 ——Graa
