2975 5009
258 276 387 339 411
541 286 766 338 v1e1n.
798 285 1095 336 Ascnns.
1130 283 1286 333 Dm.

259 446 340 506 Et
366 465 515 504 nunc
553 443 803 504 clarifica
829 463 921 503 me
962 451 1048 514 tu,
1077 442 1272 513 Pater,
1312 438 1463 518 apud

259 524 651 602 temetipsum,
717 522 975 582 claritate
1048 540 1218 598 quam
1296 515 1466 576 habui

301 603 418 661 rius
465 621 636 680 quam
684 601 930 659 mundus
977 608 1146 672 esset,
1191 597 1341 677 apud
1387 604 1465 653 te.

260 623 625 739 Klanifestavi
679 699 886 737 nomen
935 686 1097 737 tuum
1141 676 1467 736 hominibus

261 778 401 838 quos
454 758 660 819 dedisti
716 756 861 815 mihi
907 757 979 815 de
1026 756 1257 813 mundo.
1357 750 1468 812 'rui

262 845 448 910 erant,
477 843 537 896 et
576 834 719 894 mihi
748 854 840 895 eos
878 834 1123 894 dedisti:
1167 841 1226 892 et
1252 852 1469 892 sermo-

261 935 396 974 nem
442 924 606 974 tuum
653 921 1037 973 servaverunt.
1119 911 1296 970 Nunc
1337 931 1468 989 cog-

263 1003 547 1053 noverunt
565 992 699 1070 quia
720 992 912 1050 omnia
930 1010 1057 1068 quae
1075 989 1283 1048 dedisti
1304 990 1467 1064 mihi,

261 1074 363 1130 abs
389 1079 450 1132 te
491 1078 662 1130 sunt:
706 1069 837 1148 quia
874 1071 1050 1128 verba
1088 1087 1216 1145 quse
1257 1067 1467 1128 dedisti

267 1149 428 1221 mihi,
467 1149 601 1209 dedi
628 1149 742 1208 eis:
786 1156 847 1208 et
885 1148 994 1240 ipsi
1032 1153 1372 1226 acceperunt
1410 1156 1471 1207 et

263 1236 649 1307 cognoverunt
675 1246 808 1287 vere
834 1246 968 1305 qma
987 1237 1015 1268 ⁸
1039 1246 1075 1283 a
1113 1232 1173 1285 te
1209 1224 1382 1295 exivi,
1410 1233 1471 1285 et

262 1305 629 1365 crediderunt
653 1304 786 1383 quia
810 1312 874 1363 tu
903 1325 996 1363 me
1015 1303 1266 1362 misisti·
1343 1301 1470 1383 Ego

262 1404 370 1463 pro
410 1383 491 1442 eis
530 1403 701 1474 rogo:
758 1403 874 1442 non
913 1403 1020 1461 pro
1059 1382 1273 1439 mundo
1311 1400 1470 1460 rogo,

263 1462 365 1521 sed
409 1482 514 1540 pro
557 1461 648 1519 h1s
689 1480 828 1539 quos
868 1461 1075 1520 dedisti
1118 1459 1293 1518 mihi:
1342 1462 1474 1537 quia

263 1540 348 1600 tui
378 1548 529 1598 sunt.
600 1540 680 1599 Et
720 1559 847 1598 mea
873 1539 1065 1597 omnia
1089 1545 1190 1596 tua
1227 1547 1381 1611 sunt,
1408 1547 1467 1598 et

263 1626 366 1677 tua
406 1638 534 1678 mea
571 1625 739 1676 sunt:
782 1626 842 1677 et
880 1617 1218 1676 clarificatus
1258 1636 1383 1675 sum
1411 1618 1471 1674 in

266 1697 380 1756 eis:
423 1705 484 1756 et
527 1697 639 1755 ’am
667 1716 783 1754 non
809 1716 935 1754 sum
975 1696 1033 1754 in
1062 1694 1295 1767 mundo,
1323 1704 1384 1754 et
1409 1694 1471 1753 hi

265 1775 326 1832 in
354 1795 490 1833 mun
534 1795 566 1832 0
593 1782 746 1846 sunt,
775 1782 835 1834 et
863 1794 967 1854 ego
992 1774 1062 1832 ad
1093 1782 1153 1833 te
1178 1774 1364 1833 venio.

349 1852 762 1928 Offertorium.¹³

335 1928 454 1984 Viri
481 1929 710 1998 Galilaei,
743 1929 875 1999 quid
898 1927 1246 1984 admiramini
1281 1928 1473 2000 aspici·

265 2006 418 2054 entes
440 2000 499 2053 in
515 2001 709 2055 coelum
720 2002 745 2053 ⁴?
770 2001 859 2054 hic
875 2001 917 2053 J
917 2017 1037 2054 esus
1054 2000 1149 2069 qui
1168 2005 1476 2071 assumptus

264 2077 346 2126 est
368 2088 403 2126 a
435 2071 588 2127 vobis
623 2071 686 2125 in
708 2071 907 2126 coelum
941 2071 1019 2126 sic
1041 2069 1223 2126 veniet
1248 2088 1262 2123 ι
1287 2086 1473 2139 quem-

1807 276 2161 328 Ascnnsm
2191 276 2482 327 nomm.
2654 262 2772 325 412

1581 434 1875 491 admodum
1910 434 2122 489 vidistis
2155 451 2280 490 eum
2317 432 2691 490 ascendentem
2721 433 2776 487 in

1584 507 1797 575 coelum,
1824 505 2076 577 alleluya.

1668 576 1906 635 Secreta.

1665 654 2039 726 Sacrificium,
2075 653 2340 726 Domine,
2383 673 2491 733 pro
2532 651 2660 711 Filii
2700 653 2777 711 tui

1584 732 1862 812 supplices
1881 731 2190 792 venerabili
2211 750 2384 808 quam
2411 733 2778 810 praevenimus

1586 831 1737 870 nunc
1786 812 2112 871 ascensione
2157 809 2499 869 deferimus:
2561 817 2777 889 praesta,

1585 907 1928 967 quaesumuS,
1970 897 2036 947 ut
2084 897 2146 947 et
2183 908 2287 946 nos
2327 909 2433 967 per
2473 888 2657 967 ipsum
2700 888 2779 946 his

1584 968 1945 1027 sacrosanctis
1996 967 2346 1026 commerciis
2407 967 2481 1025 ad
2550 966 2782 1026 coelestia

1586 1065 2007 1124 consurgamus.
2092 1045 2207 1114 Qui
2237 1054 2426 1104 tecum
2456 1045 2618 1104 vivit.

1664 1123 1944 1201 Praefatio
1972 1123 2329 1200 quotidiana.
2415 1121 2784 1182 CommwniO.⁰

1657 1200 1836 1270 Pater,
1867 1218 1992 1256 cum
2022 1217 2190 1256 essem
2227 1218 2352 1255 cum
2376 1200 2468 1269 eis,
2497 1217 2597 1271 ego
2624 1217 2785 1254 serva-

1586 1272 1715 1327 bam
1756 1288 1844 1326 eos
1890 1288 2024 1341 quos
2069 1271 2267 1325 dedisti
2316 1271 2471 1338 mihi,
2522 1271 2786 1343 alleluya:

1588 1359 1737 1397 nunc
1777 1348 1961 1396 autem
1996 1342 2065 1396 ad
2101 1349 2158 1396 te
2191 1341 2351 1397 venio
2376 1361 2390 1395 ε
2415 1358 2533 1396 11011
2574 1358 2699 1413 rogo
2730 1345 2789 1394 ut

1588 1413 1750 1467 tollas
1772 1430 1861 1466 eos
1882 1412 1950 1467 de
1972 1413 2178 1466 mundo
2205 1433 2217 1465 ε
2242 1413 2337 1467 0οᾱ
2359 1418 2425 1467 ut
2459 1429 2636 1468 serves
2656 1429 2740 1468 eos
2756 1429 2788 1466 a

1588 1483 1748 1552 ma10‚
1775 1482 2026 1554 alleluya,
2053 1483 2306 1555 alleluya.

1673 1555 2145 1618 Postcommwnio.

1668 1632 1902 1704 Tribue,
1932 1651 2274 1710 quaesumus,
2304 1631 2577 1703 Domine,
2607 1638 2671 1690 ut
2761 1651 2787 1688 r

1589 1710 1712 1770 haec
1738 1719 2090 1769 sacramenta
2115 1730 2243 1788 quse
2277 1710 2643 1789 sumpsimus,
2670 1710 2689 1767 i
2729 1729 2790 1767 uc

1589 1790 1789 1849 tendat
1816 1796 2027 1848 nostres
2063 1789 2376 1848 devotionis
2404 1789 2665 1861 affectus,
2692 1807 2789 1866 quc

1589 1876 1780 1927 tecum
1842 1875 1928 1927 est
1986 1875 2181 1925 nostra
2246 1867 2568 1926 substantia
2633 1867 2677 1926 J
2677 1883 2790 1925 esus

1589 1946 1853 2008 Christus
1894 1944 1922 1979 ‘¹
1988 1945 2269 2004 Dominus
2336 1955 2555 2005 noster.
2684 1944 2789 2013 Qui

1591 2033 1801 2084 tecum.

918 2254 1015 2325 In
1098 2250 1218 2325 die
1292 2252 1738 2328 Ascensionis
1818 2253 2141 2326 Domini.

344 2435 448 2496 Ad
472 2436 737 2496 Missam.
823 2433 1129 2514 Officium.⁰

348 2516 484 2573 Viri
512 2513 752 2587 Galilaei,
781 2515 917 2592 quid
943 2513 1306 2573 admiramini
1327 2514 1474 2594 aspi-

266 2594 478 2652 cientes
525 2593 586 2651 in
633 2593 854 2664 coelum,
900 2592 1161 2669 alleluya,
1206 2594 1475 2671 quemad·-

267 2673 503 2730 modum
540 2671 759 2731 vidistis
805 2692 933 2731 eum
975 2672 1374 2732 ascendentem
1413 2671 1475 2728 in

267 2749 508 2811 coelum:
557 2750 641 2810 ita
678 2750 890 2823 veniet,
925 2749 1186 2828 alleluya,
1213 2749 1475 2828 alleluya,

268 2828 530 2906 alleluya.

350 2907 661 2966 Psazmum

339 2984 585 3054 Cumque
619 2984 966 3039 intuerentur
1004 2983 1066 3036 in
1104 2982 1300 3038 coelum
1341 2999 1472 3036 eun-

269 3060 381 3110 tem
433 3055 595 3109 illum
635 3075 648 3107 ε
693 3072 812 3111 ecce
866 3056 974 3109 duo
1025 3054 1130 3108 viri
1183 3054 1476 3109 astiterunt

261 3126 428 3196 juxta
473 3126 596 3180 illos
643 3126 705 3180 in
754 3127 991 3183 vestibus
1035 3124 1176 3181 albis
1218 3144 1230 3179 ε
1275 3123 1370 3194 qui
1418 3129 1475 3179 et

267 3197 541 3251 dixerunt.

346 3269 409 3326 K
449 3269 534 3326 rie
561 3266 807 3345 eleyson.

351 3345 408 3405 G
431 3346 550 3404 oria
575 3347 636 3404 in
669 3345 920 3406 excelsis.

352 3421 572 3484 Oratio.

366 3502 644 3574 Concede,
709 3520 1047 3580 quaesumus,
1115 3498 1472 3578 omnipotens

269 3580 442 3654 DeuS,
465 3589 531 3640 ut
551 3580 648 3657 qui
673 3580 951 3638 hodierna
969 3579 1060 3637 die
1089 3577 1472 3656 Unigenitum

268 3666 431 3727 tuum
459 3660 878 3737 redemptorem
908 3664 1167 3714 nostrum
1193 3656 1266 3714 ad
1305 3655 1470 3715 coelos

266 3738 582 3798 ascendisse
599 3736 897 3806 credimuS,
912 3735 1021 3812 ipsi
1036 3752 1256 3812 quoque
1278 3743 1470 3794 mente

267 3816 329 3874 in
350 3815 666 3875 coelestibus
687 3814 1024 3873 habitemus.
1075 3810 1188 3870 Per
1205 3812 1466 3871 eundem.

346 3893 539 3952 Lectio
565 3893 817 3952 Actuwm
845 3889 1296 3967 Apostolorum!

347 3971 610 4031 Primum
637 3970 870 4047 quidem
906 3987 1227 4027 sermonem
1263 3965 1370 4027 feci
1396 3969 1468 4028 de

267 4051 550 4123 omnibus,
610 4049 662 4108 Ο
730 4044 1065 4125 Theophile,
1118 4065 1245 4124 quae
1297 4048 1471 4125 coepit

264 4127 310 4187 J
311 4148 436 4189 esus
474 4127 661 4187 facere
689 4133 749 4186 et
773 4126 996 4197 docere,
1023 4143 1200 4203 usque
1224 4125 1286 4183 in
1314 4125 1469 4185 diem

263 4283 294 4313 ⁸
329 4280 394 4330 tu
417 4292 505 4330 me
528 4273 737 4342 misisti,
763 4277 820 4327 et
842 4272 1185 4330 crediderunt
1207 4273 1337 4344 quia
1359 4291 1394 4330 a
1416 4279 1471 4328 te

263 4345 580 4401 exivi—92.
610 4345 694 4400 97.
722 4344 806 4399 98.

257 4415 286 4453 ¹²
332 4417 457 4468 Act.
484 4432 596 4486 cap.
623 4415 658 4469 i.
688 4416 758 4486 (v.
793 4415 902 4487 11.)

265 4494 291 4522 ⁰
326 4483 529 4542 Johan.
553 4502 667 4557 cap.
694 4486 822 4541 xvii.
850 4486 921 4557 (v.
949 4485 1034 4555 12,
1063 4485 1147 4554 13,
1178 4484 1288 4555 15.)

1594 2457 1707 2516 qua
1733 2434 2065 2516 praecipiens
2092 2455 2127 2493 a
2166 2433 2356 2496 ostolis
2388 2455 2495 2515 per
2520 2432 2790 2515 Spiritum

1597 2519 1870 2577 Sanctum
1912 2533 2052 2592 quos
2092 2535 2123 2572 e
2148 2514 2264 2593 egit
2303 2525 2625 2604 assumptus
2672 2522 2788 2574 est:

1593 2594 1795 2672 quibus
1822 2601 1882 2652 et
1908 2593 2157 2673 praebuit
2181 2592 2429 2671 seipsum
2456 2612 2646 2650 vlvum
2674 2599 2792 2670 post

1592 2672 1908 2751 passionem
1934 2690 2091 2730 suam
2119 2672 2179 2728 in
2209 2670 2403 2730 multis
2427 2672 2790 2749 argumentiS,

1636 2771 1699 2809 er
1737 2751 1859 2809 dies
1897 2749 2276 2828 quadraginta
2312 2769 2348 2807 a
2427 2769 2595 2808 arens
2634 2749 2713 2808 eis
2736 2756 2791 2808 et

1617 2848 1829 2906 oquens
1850 2829 1921 2887 de
1948 2847 2126 2907 regno
2148 2827 2273 2886 Dei.
2412 2835 2437 2886 t
2463 2845 2791 2886 convescens

1591 2908 1865 2986 praecepit
1905 2906 1985 2965 eis
2015 2908 2087 2964 ab
2128 2904 2547 2982 Hierosolymis
2586 2925 2659 2964 ne
2685 2905 2791 2962 dis-

1592 2986 1879 3056 cederent,
1925 2984 2026 3043 sed
2081 2991 2455 3061 expectarent
2506 2983 2791 3061 promissi-

1591 3083 1759 3123 onem
1804 3062 2013 3135 Patris,
2055 3082 2224 3139 quam
2270 3061 2509 3120 audistis
2559 3061 2789 3140 (inquit)

1591 3160 1695 3219 per
1720 3161 1780 3200 os
1807 3161 1998 3200 meum
2022 3162 2035 3201 z
2078 3141 2210 3218 quia
2240 3139 2284 3198 J
2285 3138 2539 3199 ohannes
2567 3141 2788 3217 quidem

1590 3220 1901 3298 baptizavit
1938 3239 2102 3298 aqua,
2156 3237 2254 3277 vos
2306 3225 2500 3277 autem
2542 3219 2788 3296 baptiza-

1591 3298 1793 3356 bimini
1824 3297 2042 3377 Spiritu
2063 3296 2270 3355 Sancto
2291 3316 2406 3354 non
2433 3304 2564 3375 post
2590 3294 2789 3355 multos

1591 3374 1693 3434 hos
1744 3375 1882 3435 dies.
2002 3375 2193 3455 Igitur
2243 3374 2339 3451 qui
2392 3382 2788 3445 convenerant,

1588 3453 2015 3533 interrogabant
2040 3473 2170 3513 eum
2206 3453 2482 3525 dicentes;
2526 3454 2788 3524 Domine,

1588 3533 1637 3590 si
1677 3532 1737 3589 in
1778 3540 1897 3592 tem
1940 3553 2039 3591 ore
2078 3531 2187 3589 hoc
2237 3531 2503 3590 restitues
2549 3550 2787 3609 regnum

1588 3609 1810 3670 Israel?
1952 3611 2059 3669 ’xit
2096 3618 2288 3668 autem
2336 3608 2416 3668 eis
2436 3631 2453 3681 ;
2513 3609 2654 3668 Non
2706 3615 2791 3668 est

1589 3697 1842 3749 vestrum
1867 3708 2029 3748 nosse
2069 3697 2331 3766 tempora
2368 3686 2460 3745 vel
2500 3696 2790 3746 momenta

1587 3786 1716 3843 quae
1764 3767 1938 3826 Pater
1984 3766 2171 3844 posuit
2215 3765 2276 3823 in
2323 3784 2425 3825 sua
2470 3774 2787 3844 potestate:

1588 3845 1687 3903 sed
1714 3844 1999 3924 accipietis
2026 3845 2296 3902 virtutem
2337 3843 2789 3921 supervenientis

1588 3921 1832 4002 Spiritus
1874 3923 2068 3983 Sancti
2107 3922 2168 3980 in
2197 3942 2312 3995 vos,
2345 3930 2405 3981 et
2446 3921 2608 3982 eritis
2647 3920 2788 3980 mihi

1586 4009 1762 4060 testes
1777 4001 1837 4058 in
1859 4000 2224 4061 Hierusalem
2243 4008 2303 4059 et
2325 3999 2383 4057 in
2405 4001 2565 4059 omni
2584 4000 2627 4059 J
2628 4000 2792 4059 udaea

1587 4087 1648 4140 et
1668 4079 1925 4142 Samaria
1944 4087 2005 4140 et
2022 4099 2198 4158 usque
2217 4079 2290 4137 ad
2310 4077 2578 4138 ultimum
2598 4087 2789 4138 terrae.

1588 4271 1616 4310 ‘¹
1654 4271 1826 4326 Filius
1848 4270 2152 4326 tuus—94.
2181 4270 2266 4325 97.

1590 4352 1614 4381 e
1651 4344 1775 4397 Act.
1802 4359 1916 4413 cap.
1943 4341 1980 4397 i.
2009 4343 2082 4413 (v.
2112 4341 2223 4414 11.)

1586 4412 1608 4450 ¹'
1646 4413 1717 4467 ib.
1747 4413 1818 4484 (v.
1847 4412 1958 4483 10.)

1586 4493 1615 4531 s
1650 4500 1762 4555 cap.
1788 4483 1823 4537 i.
1853 4483 1923 4536 A.
1949 4482 2022 4552 (v.
2052 4481 2233 4550 1-11.)
