2975 5009
9 298 24 334 ζ
109 244 188 319 37
577 261 896 311 sABBA'ro
930 262 1272 320 QUA'ruon
1304 261 1705 311 TEMPORUM
1743 263 2152 313 Anvnnrus.
2550 252 2634 314 38

105 430 298 488 Azaria
335 438 396 489 et
437 431 598 489 sociis
638 433 758 509 ejus
793 433 854 489 in
896 430 1201 503 fornacem,
1244 439 1303 490 et

105 509 333 567 excussit
359 508 650 567 flammam
692 510 838 589 ignis
878 509 950 569 de
978 509 1203 568 fornace
1243 518 1303 568 et

102 585 225 645 fecit
272 588 528 646 medium
575 587 814 647 fornacis
866 588 1024 665 quasi
1064 596 1300 645 ventum

103 665 234 724 roris
259 664 516 723 flantem.
599 665 858 725 Flamma
876 676 1068 725 autem
1095 665 1301 724 diffusa

8 781 11 786 —
101 750 181 801 est
203 763 372 821 super
398 742 683 802 fornacem
707 744 908 803 cubitis
924 745 1300 822 quadraginta

29 883 34 894 ‚
100 841 305 892 novem,
335 827 394 880 et
436 822 689 881 incendit
724 843 861 900 quos
887 823 1104 900 reperit
1127 824 1300 900 juxta

78 898 363 958 .fornacem
406 900 479 958 de
518 899 783 960 Chaldeis
822 899 1109 959 ministros
1148 901 1296 978 regis

96 978 184 1053 qui
233 997 358 1035 eam
412 977 809 1037 incendebant.
914 978 1052 1037 Illos
1104 987 1294 1038 autem

96 1055 314 1114 omnino
340 1075 455 1112 non
496 1057 689 1135 tetigit
726 1056 893 1136 ignis,
936 1077 1120 1134 neque
1161 1076 1294 1114 con-

95 1134 351 1205 tristavit,
380 1154 485 1193 nec
511 1135 810 1212 quicquam
840 1133 1110 1194 molestiae
1140 1134 1294 1193 intu-

94 1209 175 1268 lit.
244 1212 403 1271 'Punc
443 1212 504 1270 hi
542 1219 660 1271 tres
706 1214 862 1291 quasi
910 1234 984 1273 ex
1037 1233 1153 1271 uno
1198 1233 1292 1272 010

93 1286 394 1348 laudabant
421 1298 481 1349 et
505 1289 900 1369 glorificabant
918 1299 978 1351 et
996 1292 1291 1350 benedice-

92 1369 224 1426 bant
247 1368 434 1426 Deum
462 1368 523 1426 in
549 1368 774 1428 fornace
803 1369 1070 1429 dicentes,

165 1446 297 1503 Duo
349 1446 543 1504 clerici
585 1448 654 1505 de
705 1449 946 1505 secunda
973 1447 1174 1525 forma
1221 1448 1287 1504 in

90 1524 488 1600 superpelliciis
525 1525 603 1582 ad
639 1526 884 1602 yradum
910 1527 1066 1584 chori
1086 1527 1116 1563 ’κ
1157 1546 1290 1582 cau-

90 1609 197 1659 tent
217 1602 253 1639 '¹‘
283 1602 567 1660 Traotum.
932 1614 937 1618 ’
1048 1648 1050 1651 >

154 1678 477 1733 Benedictus
507 1697 576 1749 es,
613 1679 842 1734 Domine
890 1680 1034 1734 Deus
1073 1684 1290 1751 patrum

90 1754 435 1803 nostrorum.⁸

101 1818 158 1874 V.
229 1819 302 1872 Et
323 1819 610 1874 laudabilis
633 1826 690 1874 et
711 1820 970 1891 gloriosus
992 1820 1053 1873 in
1078 1820 1288 1875 saecula.

167 1888 381 1948 Chorus
414 1892 566 1949 idem
600 1900 827 1969 repetat.
914 1891 1125 1951 Clerici
1160 1892 1289 1950 Ver-

70 1987 224 2024 sum.

154 2043 225 2098 Et
247 2044 589 2100 benedictum
607 2062 804 2099 nomen
821 2046 1006 2117 gloriae
1026 2054 1136 2103 tuae
1150 2045 1293 2115 quod

85 2120 164 2168 est
184 2120 448 2169 sanctum.

167 2185 384 2244 Chorus
409 2187 583 2244 dicat.

152 2262 226 2315 Et
248 2263 517 2318 laudabile
534 2270 590 2318 et
610 2263 898 2334 gloriosum
922 2264 979 2317 in
1004 2264 1216 2319 saecula.

164 2332 376 2393 Clerici
411 2335 655 2393 Versum.

124 2475 129 2479 p
149 2410 476 2466 Benedictus
500 2430 556 2467 es
590 2412 651 2465 in
673 2412 877 2484 templo
899 2418 1083 2467 sancto
1105 2412 1292 2483 gloriae

80 2487 207 2536 tuae.
380 2498 385 2503 ‘

160 2551 398 2611 Ghoms.

147 2629 223 2683 Et
247 2630 534 2686 laudabilis
555 2636 611 2685 et
632 2630 890 2701 gloriosus
912 2630 972 2684 in
995 2631 1204 2686 saecula.

160 2700 378 2760 Clerici
418 2701 671 2760 Versum.

146 2777 477 2833 Benedictus
499 2796 555 2834 es
577 2796 736 2850 super
766 2779 1022 2832 thronum
1045 2784 1291 2834 sanctum

77 2848 234 2919 regni
258 2848 359 2903 tui.

159 2918 395 2977 Chorus.

144 2995 222 3049 Et
246 2997 536 3051 laudabilis
558 3003 613 3051 et
635 2996 894 3067 gloriosus
915 2997 976 3049 in
1001 2998 1211 3052 saecula.

156 3066 375 3126 Clerici
416 3066 670 3126 Verswm.

144 3144 477 3199 Benedictus
517 3162 573 3199 es
619 3162 778 3217 super
823 3150 1091 3216 sceptrum
1140 3145 1293 3216 regni

73 3214 383 3270 divinitatis
405 3219 535 3271 tuae.

157 3285 398 3344 Chorus·

142 3362 219 3415 Et
242 3362 534 3417 laudabilis
557 3368 612 3417 et
634 3361 893 3433 gloriosus
915 3362 976 3415 in
1000 3362 1210 3418 saecula.

156 3433 377 3491 Clerici
418 3433 671 3491 Versum.

142 3510 477 3565 Benedictus
494 3528 550 3565 es
567 3511 662 3581 qui
680 3510 827 3565 sedes
844 3528 1002 3582 super
1020 3510 1293 3567 Cherubin

66 3581 297 3635 intuens
319 3583 551 3653 abyssos.

155 3652 403 3712 Chorus.

138 3730 217 3783 Et
242 3728 536 3783 laudabilis
559 3734 615 3783 et
636 3728 894 3800 gloriosus
918 3729 977 3781 in
1000 3729 1210 3784 saecula.

151 3801 380 3859 Clerici
422 3799 675 3857 Versum.

132 3877 476 3932 Benedictus
510 3894 566 3932 es
599 3876 695 3947 qui
718 3876 962 3931 ambulas
984 3893 1142 3948 super
1163 3894 1292 3949 pen-

58 3966 161 4004 nas
185 3954 502 4003 ventorum.

148 4020 401 4079 Chorus.

131 4098 212 4152 Et
236 4094 534 4151 laudabilis
557 4101 614 4149 et
635 4094 893 4166 gloriosus
915 4096 975 4148 in
999 4095 1208 4152 saecula.

60 4345 85 4372 ²
124 4335 275 4389 Dan.
304 4335 386 4388 iii.
414 4339 468 4387 et
493 4334 677 4389 omnia
699 4335 854 4389 infra.

132 4483 171 4515 ’κ’
211 4484 385 4536 simul
407 4447 837 4537 dicant.÷Grad.

519 4555 601 4614 4..

1501 430 1709 490 Clerici
1750 430 2000 490 Versum.

1487 506 1817 563 Benedicent
1846 516 1900 563 te
1928 526 2113 564 omnes
2146 509 2326 581 angeli
2362 515 2416 564 et
2452 512 2626 565 sancti

1413 578 1513 632 tui.

1500 648 1736 707 Chorus.

1482 725 1555 779 Et
1577 726 1803 781 laudent
1825 733 1881 781 te
1904 733 1959 781 et
1980 727 2281 798 glorificent
2304 726 2365 781 in
2388 730 2599 789 saecula.

1498 796 1712 855 Clerici
1753 797 2004 856 Versum.

1480 872 1812 929 Benedicant
1859 881 1913 930 te
1959 875 2097 944 coeli,
2154 882 2311 946 terra,
2363 894 2523 946 mare,
2571 884 2627 931 et

1410 945 1594 998 omnia
1612 962 1735 1014 quae
1758 946 1819 998 in
1844 946 1921 1000 eis
1945 953 2088 1001 sunt.

1492 1015 1728 1074 Chorus.

1479 1092 1551 1147 Et
1574 1093 1799 1148 laudent
1824 1101 1877 1149 te
1902 1100 1957 1149 et
1979 1095 2277 1162 glorificent
2301 1095 2360 1148 in
2384 1095 2594 1151 saecula.

1490 1163 1703 1222 Clerici
1738 1164 1990 1224 Versum.

1477 1241 1661 1296 Gloria
1676 1241 1826 1297 Patri
1844 1249 1897 1298 et
1913 1243 2073 1298 Filio:
2092 1249 2147 1298 et
2163 1243 2390 1315 Spiritui
2407 1244 2622 1300 Sancto,

1488 1311 1723 1371 Chorus.

1475 1389 1548 1442 Et
1562 1390 1693 1458 laus,
1712 1395 1767 1444 et
1781 1390 1963 1460 honor,
1982 1396 2228 1462 potestas,
2246 1397 2302 1447 et
2314 1392 2616 1464 imperium.

1485 1459 1697 1518 Clerici
1737 1460 1989 1519 Versum.

1473 1536 1625 1591 Sicut
1683 1543 1797 1591 erat
1842 1539 1902 1590 in
1992 1538 2217 1608 rincipio
2264 1544 2321 1593 et
2367 1556 2516 1595 nunc
2565 1547 2620 1594 et

1402 1624 1515 1661 sem
1554 1625 1632 1660 er:
1659 1608 1787 1662 etin
1806 1626 1947 1663 saecu
1970 1627 2003 1662 a
2021 1609 2355 1663 saeculorum.
2418 1610 2616 1665 Amen.

1538 1679 1723 1736 horus.

1472 1754 1545 1808 Et
1558 1755 1691 1824 laus,
1712 1761 1767 1811 et
1781 1757 1964 1820 honor,
1987 1761 2219 1827 potestas
2237 1761 2291 1811 et
2309 1756 2611 1828 imperium.

1482 1824 1712 1885 Deinde
1754 1828 1945 1885 clerici
1985 1828 2331 1905 reincipiant
2359 1830 2620 1905 primum

1402 1925 1621 1962 versum
1650 1906 1906 1976 Tractus,
1934 1913 1983 1963 et
2000 1914 2359 1982 percantetur
2379 1926 2415 1962 a
2436 1908 2614 1965 choro.

1401 1981 1482 2039 Et
1512 1992 1708 2060 postea
1734 1985 1891 2042 dieat
1927 1985 2180 2041 sacerdos
2218 1984 2495 2042 Dominus
2520 2006 2615 2043 vo-

1403 2061 1615 2118 biscum
1644 2070 1695 2119 et
1723 2062 1986 2122 Oremus.
2659 2066 2665 2072 '

1487 2138 1704 2197 Oratio.

1482 2213 1658 2289 Βο113,
1719 2217 1815 2295 qui
1867 2218 2050 2276 tribus
2103 2218 2291 2295 pueris
2345 2218 2617 2298 mitigasti

1402 2294 1657 2353 flammas
1684 2296 1899 2375 ignium
1925 2318 1939 2367 ;
1968 2296 2207 2355 concede
2225 2297 2523 2375 propitiuS,
2550 2307 2615 2355 ut

1402 2392 1504 2431 nos
1540 2372 1773 2433 famulos
1812 2383 1938 2433 tuos
1985 2394 2099 2431 non
2142 2383 2347 2433 exurat
2387 2374 2617 2433 flamma

1403 2451 1688 2509 vitiorum.
1773 2453 1889 2511 Per
1915 2450 2245 2510 Dominum.

1478 2529 1601 2586 Hic
1627 2530 1896 2588 dicuutur
1922 2532 2202 2588 memoriae
2229 2539 2508 2589 consuetae.

1478 2607 1673 2665 Lectio
1712 2609 1983 2685 Epistoloe
2023 2609 2171 2666 beati
2207 2609 2393 2665 Pauli
2427 2609 2617 2685 Apos-

1402 2685 1506 2742 toli
1532 2708 1549 2742 .·
1576 2686 1654 2743 aol
1682 2686 2228 2744 messaloniceusesff’

1475 2764 1725 2835 FratreS,
1744 2763 2032 2841 Rogamus
2054 2784 2169 2835 vos,
2189 2784 2291 2841 per
2307 2764 2614 2823 adventum

1402 2840 1639 2899 Domini
1666 2842 1845 2899 nostri
1872 2840 1915 2899 J
1917 2860 2013 2898 esu
2052 2840 2286 2912 Christi,
2317 2848 2377 2899 et
2403 2850 2613 2899 nostrae

1402 2918 1847 2998 congregationis
1887 2919 1947 2974 in
1987 2918 2188 2995 ipsum,
2230 2927 2295 2975 ut
2347 2938 2459 2975 non
2503 2920 2616 2977 cito

1403 2997 1741 3055 moveamini
1769 3017 1802 3054 a
1828 3004 2017 3055 vestro
2056 3016 2239 3067 senSU,
2283 3016 2463 3072 neque
2496 3005 2612 3055 ter-

1371 3075 1661 3147 reamini,
1717 3095 1897 3152 neque
1952 3095 2057 3153 per
2102 3074 2383 3151 spiritum,
2431 3094 2615 3151 neque

1402 3173 1507 3231 per
1553 3172 1891 3224 sermonem,
1936 3171 2118 3228 neque
2173 3172 2277 3231 per
2320 3151 2612 3230 epistolam

1401 3239 1672 3308 tanquam
1708 3251 1812 3308 per
1849 3250 1949 3288 nos
1975 3233 2221 3302 missam,
2257 3231 2414 3307 quasi
2441 3230 2617 3289 instet

1400 3309 1524 3367 dies
1576 3309 1826 3368 Domini.
1922 3308 2016 3367 Ne
2061 3309 2185 3385 quis
2236 3329 2334 3367 vos
2387 3309 2617 3368 seducat

1403 3386 1519 3444 ullo
1556 3387 1744 3458 modo,
1786 3388 2051 3464 quoniam
2089 3387 2197 3443 nisi
2239 3387 2459 3446 venerit
2500 3388 2612 3445 dis-

1403 3465 1577 3523 cessio
1636 3465 1906 3543 primum,
1975 3473 2034 3523 et
2098 3464 2377 3524 revelatus
2442 3464 2616 3524 fuerit

1404 3542 1575 3600 homo
1627 3544 1861 3621 peccati,
1915 3541 2065 3600 filius
2113 3544 2462 3621 perditionis,
2517 3544 2613 3621 qui

1403 3621 1732 3679 adversatur
1779 3629 1838 3679 et
1877 3619 2169 3679 extollitur
2210 3641 2379 3698 supra
2425 3642 2610 3692 omne,

1404 3699 1556 3775 quod
1608 3699 1815 3757 dicitur
1855 3697 2012 3757 Deus
2054 3706 2154 3756 aut
2194 3700 2345 3776 quod
2393 3698 2611 3771 colitur,

1404 3777 1487 3835 ita
1513 3785 1579 3835 ut
1604 3777 1664 3833 in
1693 3775 1909 3867 templo
1938 3775 2051 3833 Dei
2078 3778 2289 3847 sedeat,
2311 3777 2613 3835 ostendens

1403 3875 1462 3913 se
1490 3862 1756 3931 tanquam
1793 3862 1868 3913 sit
1907 3854 2079 3912 DeuS.
2187 3853 2327 3912 Non
2355 3854 2613 3913 retinetis

1403 3933 1688 4009 quoniam,
1717 3953 1844 3990 cum
1875 3932 2059 3990 adhuc
2101 3950 2279 3990 essem
2320 3932 2471 4009 apud
2498 3953 2614 4004 voe,

1402 4010 1526 4069 haec
1570 4011 1824 4069 dicebam
1866 4010 2061 4068 vobis?
2162 4009 2245 4068 Et
2286 4029 2435 4068 nunc
2480 4011 2616 4088 quid

1401 4088 1659 4148 detineat
1680 4088 1851 4158 301113,
1868 4095 1934 4145 ut
1958 4085 2241 4145 reveletur
2260 4087 2317 4144 in
2340 4107 2440 4145 suo
2466 4097 2616 4146 temn

1402 4186 1558 4243 pore.
1639 4165 1795 4224 Nam
1835 4165 2167 4243 mysterium
2204 4166 2321 4243 jam
2350 4176 2616 4245 operatur

1403 4334 1430 4371 b
1467 4333 1502 4385 2
1527 4333 1593 4387 ad
1619 4332 1795 4387 Thess.
1825 4350 1936 4404 cap.
1967 4332 2019 4386 ii.
2054 4333 2121 4387 A.
2153 4332 2222 4403 (v.
2254 4332 2397 4405 1-8.)
