2975 5009
341 231 469 298 307

368 465 373 472 ,
431 400 692 462 Audient
716 404 888 463 verba
914 424 1042 464 mea
1079 405 1344 483 quoniam
1385 412 1553 482 pot-u-

350 488 557 539 erunt:
602 479 748 541 sicut
785 482 1092 541 crassitudo
1132 491 1305 542 terrae
1350 494 1556 560 erupta

351 570 442 617 est
467 576 636 635 super
660 567 892 618 terram.

432 635 719 713 Dissipata
781 645 914 697 sunt
979 657 1102 696 ossa
1154 646 1351 697 nostra
1401 656 1557 696 secus

358 712 685 773 infernum:
739 716 871 792 quia
899 716 972 773 ad
1011 724 1090 787 te,
1128 715 1395 787 Domine,
1437 716 1558 773 Do·

358 792 530 863 mine,
570 791 713 850 oculi
756 794 903 865 mei;
951 794 1010 850 in
1057 802 1118 853 te
1162 793 1400 872 speravi,
1441 812 1557 850 non

359 867 578 928 auferas
605 871 854 929 animam
881 891 1085 930 meam.

437 947 668 1007 Custodi
703 968 797 1007 me
837 969 873 1007 a
912 948 1132 1026 laqueo,
1167 968 1334 1027 quem
1378 956 1560 1006 statu-

361 1035 531 1086 erunt
552 1023 726 1083 mihi:
755 1033 816 1085 et
839 1047 875 1085 a
900 1026 1175 1085 scandalis
1202 1026 1559 1106 operantium

362 1101 738 1178 iniquitatem.

437 1180 660 1239 Cadent
686 1182 745 1238 in
772 1179 1041 1240 retiaculo
1065 1182 1185 1260 ejus
1211 1189 1562 1261 peccatores:

359 1256 722 1336 singulariter
743 1277 867 1316 sum
895 1278 1000 1338 ego
1024 1261 1204 1319 donec
1229 1272 1532 1319 transeam.

440 1336 826 1413 Antiphona.⁸

434 1411 655 1466 Custodi
687 1431 775 1468 me
797 1430 832 1467 a
854 1412 1045 1483 laqueo
1068 1431 1228 1484 quem
1259 1417 1569 1469 statuerunt

364 1481 501 1534 mihi
539 1502 551 1535 ε
587 1491 642 1539 et
664 1501 699 1539 a
720 1484 987 1539 scandalis
1008 1485 1344 1557 operantium
1369 1483 1569 1554 iniqui-

366 1557 552 1606 tatem.

444 1623 763 1682 Psalmus.b

454 1700 613 1761 Voce
657 1722 786 1762 mea
829 1704 904 1762 ad
949 1704 1260 1763 Dominum
1299 1702 1565 1763 clamavi:

369 1799 505 1837 voce
571 1800 701 1839 mea
748 1782 822 1839 ad
872 1781 1183 1841 Dominum
1236 1783 1571 1862 deprecatus

369 1876 493 1915 sum
519 1877 533 1913 ε

452 1933 704 1993 Effundo
725 1935 786 1993 in
801 1948 1100 2016 conspectu
1116 1939 1236 2016 ejus
1258 1938 1571 1996 orationem

373 2032 590 2071 meam:
638 2022 700 2071 et
739 2013 1165 2075 tribulationem
1210 2036 1396 2074 meam
1438 2024 1573 2073 ante

375 2091 559 2169 ipsum
584 2091 912 2168 pronuncio.

445 2168 520 2225 In
540 2168 858 2227 deficiendo
873 2190 946 2228 ex
961 2190 1056 2229 me
1069 2170 1333 2250 spiritum
1352 2192 1542 2231 meum
1557 2193 1571 2230 ε

377 2253 437 2304 et
463 2254 527 2303 tu
553 2247 862 2324 cognovisti
888 2249 1114 2307 semitas
1141 2269 1310 2307 meas.

459 2323 531 2380 In
553 2325 645 2381 via
672 2323 776 2382 hac
801 2344 912 2401 qua
930 2325 1318 2387 ambulabam:
1347 2329 1580 2386 abscon-

377 2402 585 2459 derunt
611 2401 872 2478 laqueum
900 2403 1061 2461 mihi.

458 2478 895 2539 considerabam
915 2481 987 2538 ad
1002 2482 1318 2556 dexteram,
1341 2490 1401 2542 et
1421 2482 1576 2541 vide-

375 2557 502 2615 bam
526 2578 540 2616 :
571 2565 632 2615 et
659 2577 772 2615 non
800 2567 924 2617 erat
947 2561 1044 2637 qui
1072 2570 1432 2640 cognosceret
1463 2581 1575 2620 me.

457 2632 640 2723 Periit
675 2633 808 2714 fuga
844 2657 881 2695 a
919 2658 1046 2696 me:
1091 2649 1152 2699 et
1197 2659 1314 2698 non
1356 2648 1439 2698 est
1480 2639 1579 2716 qui

376 2721 630 2788 requlrat
655 2715 902 2772 animam
932 2736 1137 2775 meam.
1431 2785 1435 2789 ,

456 2789 706 2850 Clamavi
740 2793 814 2850 ad
853 2800 931 2865 te,
973 2795 1238 2867 Domine,
1278 2795 1434 2867 dixi;
1489 2796 1580 2854 'I'u

378 2887 438 2926 es
492 2888 618 2946 spes
672 2890 835 2930 mea:
891 2875 1077 2949 portio
1131 2894 1259 2934 mea
1309 2875 1368 2932 in
1422 2884 1583 2933 terra

376 2947 707 3005 viventium.

972 249 1195 308 FERiA
1241 247 1518 303 QUIN'I'A
1566 247 1643 293 IN
1690 246 1904 295 OOENA
1951 244 2243 294 nomm.

2744 232 2850 296 308

1750 401 1829 460 Et
1847 398 2156 460 exsultavit
2176 401 2407 478 spiritus
2428 421 2587 460 meus
2618 421 2630 458 :
2659 401 2718 458 in
2747 403 2849 461 Deo

1672 478 1904 539 salutari
1932 499 2077 537 meo,

1752 557 1898 625 Quia
1943 556 2197 636 respexit
2236 554 2620 615 humilitatem
2658 556 2849 616 ancillae

1672 654 1829 694 suae:
1873 654 1999 693 ecce
2046 634 2199 693 enim
2244 654 2318 693 ex
2364 634 2471 692 hoc
2515 636 2738 695 beatam
2776 656 2849 694 me

1673 714 1867 771 dicent
1892 732 2088 769 omnes
2113 713 2522 789 generationes,

1758 790 1909 859 Quia
1947 788 2082 848 fecit
2108 789 2251 847 mihi
2291 810 2501 868 magna
2539 790 2635 868 qui
2675 798 2852 870 potens

1676 876 1763 928 est
1789 887 1803 924 :
1832 876 1892 927 et
1916 876 2171 926 sanctum
2200 888 2409 926 nomen
2431 868 2573 946 ejus.

1755 946 1834 1005 Et
1860 945 2242 1004 misericordia
2279 947 2399 1023 ejus
2438 966 2473 1004 a
2510 945 2774 1026 progenie
2806 946 2851 1004 in

1677 1044 1781 1104 pro
1821 1023 1973 1082 enies
2002 1044 2014 1081 :
2043 1024 2376 1082 timentibus
2404 1044 2553 1082 eum.

1814 1102 1923 1160 ecit
1968 1101 2282 1179 potentiam
2337 1102 2396 1159 in
2449 1101 2680 1161 brachio
2721 1122 2852 1161 suo:

1679 1179 1769 1237 dis
1810 1179 1949 1239 ersit
1972 1182 2239 1257 superbos
2265 1187 2458 1238 mente
2484 1181 2668 1238 cordis
2693 1181 2787 1238 sui.

1742 1201 2020 1335 lieposuit
2054 1265 2312 1336 potentes
2337 1258 2412 1316 de
2438 1259 2572 1317 sede
2602 1280 2617 1319 ε
2648 1266 2705 1318 et
2729 1257 2855 1317 exal·

1682 1336 1826 1395 tavit
1853 1334 2109 1393 humiles.
2316 1381 2322 1389 .

1763 1413 2091 1473 Esurientes
2111 1413 2369 1493 implevit
2387 1415 2550 1474 bonis
2568 1436 2584 1475 z
2608 1423 2667 1474 et
2684 1412 2860 1472 divites

1684 1491 1900 1550 dimisit
1926 1494 2139 1549 inanes.

1765 1569 2023 1647 Suscepit
2052 1568 2231 1628 Israel
2270 1588 2508 1647 puerum
2550 1590 2745 1629 suum:
2792 1589 2861 1628 re-

1685 1648 1944 1706 cordatus
1971 1648 2370 1705 misericordiae
2398 1668 2534 1706 suae.

1768 1726 1926 1784 Sicut
1950 1724 2166 1782 locutus
2192 1734 2278 1783 est
2304 1726 2377 1783 ad
2413 1734 2604 1804 patres
2631 1734 2862 1785 nostros:

1691 1802 1985 1861 Abraham
2014 1814 2072 1861 et
2097 1804 2300 1862 semini
2328 1805 2449 1881 ejus
2475 1805 2537 1861 in
2564 1802 2777 1862 saecula.

1765 1880 2148 1957 Antiphona.0

1758 1957 2112 2012 Ooenantibus
2147 1962 2327 2012 autem
2366 1957 2573 2029 accepit
2605 1955 2648 2010 J
2647 1974 2764 2011 esus
2794 1975 2865 2029 pa-

1689 2044 1816 2110 nem
1838 2046 1850 2083 ε
1871 2027 2147 2082 benedixit
2170 2046 2233 2082 ac
2250 2028 2427 2100 fregit,
2447 2028 2601 2083 dedit
2622 2028 2870 2101 discipulis

1689 2115 1817 2152 suls.

1767 2169 2029 2245 Repetita
2047 2169 2386 2246 Antiphona
2391 2177 2522 2246 post
2537 2168 2867 2248 Magnificat,

1691 2247 1848 2304 dicat
1885 2247 2137 2305 sacerdos
2162 2247 2744 2305 Postcommunionem
2768 2267 2868 2304 cum

1691 2323 1972 2383 Dominus
2024 2326 2310 2384 vobiscum
2358 2333 2410 2383 et
2458 2325 2702 2384 Oremus
2747 2344 2871 2382 more

1692 2402 1873 2460 solito,

1770 2480 2242 2538 PostcommuniO.

1773 2557 1993 2616 Refecti
2033 2557 2290 2616 vitalibus
2330 2557 2640 2630 alimentiS,
2680 2577 2870 2636 quaesu-

1695 2655 1841 2707 muS,
1885 2635 2130 2693 Domine
2172 2637 2329 2695 Deus
2385 2645 2600 2707 noster,
2643 2645 2708 2695 ut
2744 2633 2868 2713 quod

1694 2720 1954 2792 tempore
2008 2723 2218 2772 nostres
2280 2715 2641 2774 mortalitatis
2696 2718 2717 2757 ¹
2736 2732 2871 2773 exse-

1694 2791 1942 2869 quimur,
1994 2791 2441 2851 immortalitatis
2494 2801 2610 2852 tuae
2664 2809 2870 2851 munere

1696 2889 2118 2946 consequamur.
2203 2870 2316 2929 Per
2344 2872 2676 2929 Dominum.

1779 2946 1865 3004 Et
1917 2947 1999 3004 sic
2061 2948 2250 3005 Missa
2302 2956 2352 3005 et
2414 2949 2665 3026 Vesperoe
2726 2944 2872 3006 simul

466 3022 714 3083 Intende
747 3025 820 3084 ad
860 3026 1311 3106 deprecationem
1353 3050 1580 3088 meam:
1684 3025 1996 3100 finiantur,
2045 3026 2282 3083 diacono
2322 3026 2535 3084 dicente
2578 3028 2691 3098 Ite,
2730 3025 2873 3084 missa

378 3101 511 3179 quia
535 3100 860 3162 humiliatus
884 3125 1008 3164 sum
1036 3107 1223 3164 nimis.

461 3179 673 3239 Libera
711 3202 839 3240 mea
877 3204 913 3241 a
949 3184 1418 3261 persequentibus
1449 3205 1576 3244 me:

380 3256 514 3334 quia
540 3257 837 3318 confortati
863 3270 997 3319 sunt
1021 3281 1188 3339 super
1216 3283 1325 3321 me.

460 3335 620 3394 Educ
646 3336 718 3395 de
744 3340 994 3397 custodia
1022 3342 1269 3398 animam
1298 3361 1481 3399 meam
1510 3340 1582 3397 ad

382 3413 769 3472 confitendum
789 3417 1004 3474 nomini
1022 3426 1145 3476 tuo:
1166 3438 1257 3476 me
1274 3426 1583 3497 expectant

374 3491 536 3567 justi,
563 3490 743 3551 donec
769 3495 1048 3553 retribuas
1075 3495 1235 3554 mihi.

458 3567 842 3658 Antiphona.0

449 3644 861 3701 Considerabam
909 3648 980 3703 ad
1017 3649 1290 3704 dexteram
1338 3655 1395 3706 et
1442 3649 1586 3705 vide·

379 3714 505 3769 bam
528 3734 540 3768 ε
566 3722 622 3770 et
646 3733 755 3770 non
780 3724 895 3772 erat
917 3719 1013 3788 qui
1035 3725 1370 3791 cognosceret
1394 3738 1497 3775 me.

457 3786 668 3844 Finita
706 3788 812 3846 hac
851 3792 1053 3865 quinta
1079 3792 1445 3868 Antiphonffi
1471 3800 1587 3849 sta-

379 3863 487 3920 tim
513 3864 832 3942 incipiatur
857 3867 1198 3945 Antiphona
1216 3877 1584 3932 Coenantibus.

461 3939 762 4000 Canticum
788 3943 980 4003 Beatae
1006 3945 1277 4006 Marem

458 4018 836 4099 Magnificat:
882 4024 1073 4083 anima
1100 4046 1228 4086 mea
1254 4029 1582 4087 Dominum.

376 4216 534 4271 ειῬε.
560 4216 663 4273 cxl.
691 4218 837 4290 (cxli.
865 4220 942 4292 9.)

378 4287 406 4326 b
442 4287 529 4342 Ps.
555 4288 678 4344 cxli.
730 4291 901 4362 cxlii.)

374 4367 398 4396 ⁰
437 4358 524 4412 Ps.
553 4359 677 4414 cxli.
702 4292 870 4430 {cxlii
898 4363 976 4433 4.)

375 4427 404 4465 ‘¹
440 4427 603 4485 Lucae
626 4446 739 4503 cap.
767 4431 801 4487 i.
839 4433 911 4505 (v.
938 4434 1159 4508 46-55.)

1698 3112 1802 3172 est,
1829 3102 1884 3159 si
1908 3103 2191 3179 episcopus
2224 3104 2485 3176 celebret,·
2530 3106 2586 3162 si
2616 3127 2739 3163 vero
2762 3123 2873 3170 non,

1697 3179 1891 3237 Missa
1911 3189 1962 3237 et
1995 3178 2248 3257 Vesperoe
2267 3181 2441 3239 simul
2452 3184 2747 3260 finiantur
2768 3200 2875 3239 cum

1699 3257 2111 3317 Benedicamus
2129 3259 2390 3317 Domino.
2450 3259 2697 3339 Propter
2709 3260 2877 3318 solem-

1696 3336 1933 3394 nitatem
1970 3357 2098 3393 vero
2146 3336 2332 3395 Coenoe
2372 3338 2645 3396 diaconus
2691 3347 2738 3397 et
2771 3336 2877 3394 sub-

1698 3413 1970 3471 diaconus
2016 3414 2327 3473 dalmatica
2381 3424 2431 3474 et
2482 3417 2681 3474 tunica
2728 3414 2876 3473 indu-

1700 3499 1890 3561 antur,
1920 3491 2044 3548 licet
2071 3492 2354 3570 episcopus
2373 3515 2487 3551 non
2507 3492 2879 3552 celebraverit&

1777 3569 1918 3627 Post
1928 3570 2245 3646 prandium
2264 3573 2600 3630 conveniant
2618 3571 2800 3630 clerici
2815 3567 2878 3625 ad

1700 3646 2000 3716 ecclesiam,
2045 3646 2123 3704 ad
2163 3649 2380 3706 altaria
2418 3651 2712 3720 abluenda,
2746 3656 2793 3707 et
2817 3645 2881 3704 ad

1702 3722 2057 3781 Mandatum
2081 3723 2439 3800 faciendum,
2468 3736 2519 3785 et
2547 3729 2628 3786 ad
2656 3725 2881 3803 comple·

1701 3802 1911 3859 torium
1939 3802 2255 3861 dicendum.

1779 3879 2085 3957 Imprimis
2141 3882 2497 3940 benedicatur
2542 3905 2690 3961 aqua
2751 3900 2881 3939 more

1701 3956 1862 4015 solito
1889 3966 2044 4014 extra
2065 3958 2291 4016 chorum
2308 3960 2612 4037 privatim.
2678 3956 2882 4017 Deinde

1694 4044 2097 4112 praeparentur
2148 4037 2260 4095 duo
2306 4040 2608 4098 sacerdotes
2652 4037 2884 4098 eaecellen-
2947 4055 2948 4064 ¹

1705 4240 1730 4269 θ
1766 4230 1926 4287 Matt.
1954 4234 2098 4288 xxvi.
2126 4234 2183 4288 O.
2214 4236 2284 4308 (v,
2311 4235 2425 4308 26.)

1702 4301 1725 4340 ἵ
1760 4302 2087 4358 cultu—92.
2116 4305 2201 4360 98.

1704 4382 1733 4420 8
1769 4389 1878 4427 non
1904 4374 2107 4430 habent
2130 4392 2253 4445 quoe
2276 4384 2578 4448 sequuntur
2599 4376 2678 4431 92.
2706 4376 2791 4430 94.
2816 4373 2888 4427 97.

1705 4442 1790 4498 98.
1818 4460 1986 4515 usque
2009 4446 2078 4501 ad
2103 4447 2198 4502 col.
2229 4446 2348 4503 312.
