2975 5009
108 267 231 331 545

106 437 525 498 confundentur
571 459 743 516 super
784 439 941 497 omni
981 439 1320 499 fortitudine

105 537 215 576 sua.
300 516 591 586 Quoniam
618 518 745 595 quis
788 518 947 576 Deus
984 517 1188 577 similis
1214 518 1319 591 tui,

106 595 196 674 qui
251 597 443 654 aufers
497 595 878 672 iniquitatem,
927 605 986 656 et
1039 596 1319 655 transfers

108 682 397 809 pfccatum
424 673 787 752 reliquiarum
815 673 1148 733 hereditatis
1163 677 1318 735 tuae‘t³

165 772 236 811 on
292 752 575 811 immittet
624 751 777 811 ultra
827 751 1080 812 furorem
1132 772 1314 825 suum,

108 830 371 907 quoniam
393 829 587 888 volens
607 830 1053 890 misericordiam
1076 837 1181 890 est.
1236 830 1317 891 Et

106 918 444 981 revertetur,
474 916 534 966 et
560 909 926 968 miserebitur
953 909 1133 968 nostri
1156 931 1171 969 :
1213 910 1314 969 de—

107 995 280 1064 ponet
327 1006 528 1045 omnes
580 987 912 1065 iniquitates
965 996 1206 1059 nostras,
1253 998 1314 1047 et

107 1066 366 1143 projiciet
408 1066 470 1123 in
516 1065 864 1144 profundum
907 1067 1080 1125 maris
1120 1066 1314 1124 omnia

105 1152 329 1219 peccata
343 1152 553 1201 nostra.
597 1143 776 1203 Dabis
796 1145 1092 1203 veritatem
1110 1144 1310 1218 Jacob,

107 1221 549 1280 misericordiam
573 1221 909 1281 Abraham:
951 1243 1080 1300 quse
1100 1224 1312 1301 jurasti

105 1300 361 1377 patribus
389 1301 599 1358 nostris
624 1320 660 1358 a
684 1301 882 1361 diebus
902 1301 1168 1379 antiquis,
1189 1302 1311 1359 Do-

105 1378 258 1437 mine
286 1379 446 1436 Deus
474 1386 687 1437 noster.

188 1455 495 1514 Gradale.⁸

171 1531 453 1604 Dirigatur
486 1533 658 1588 oratio
699 1550 820 1588 mea
853 1532 994 1588 sicut
1028 1532 1309 1589 incensum

100 1600 160 1656 in
184 1620 285 1658 con
410 1609 473 1657 tu
502 1610 611 1673 tuo,
639 1604 884 1659 Domine.

113 1672 174 1726 V.
330 1674 507 1728 evatio
543 1692 805 1729 manuum
842 1691 1085 1729 mearum
1113 1695 1124 1727 x
1150 1674 1310 1729 sacri-

101 1743 286 1800 ficium
309 1746 693 1816 vespertinum.

185 1816 451 1875 Oremus.

182 1894 407 1953 Oratim

181 1972 422 2045 Praesta,
442 1992 783 2049 quaesumus,
812 1974 1080 2045 Domine,
1099 1971 1179 2032 sic
1205 1993 1307 2033 nos

99 2051 173 2109 ab
217 2050 401 2130 epulis
451 2052 740 2110 abstinere
784 2051 1117 2124 casualibus,
1164 2060 1230 2109 ut
1275 2072 1311 2110 a

101 2127 251 2187 vitiis
296 2130 646 2188 irruentibus
696 2132 915 2207 pariter
956 2130 1306 2209 jejunemus.

101 2204 216 2266 Per
243 2208 578 2266 Dominum.

178 2285 376 2344 Lectio
399 2285 700 2344 Zachariae
723 2285 1069 2363 Prophetes?

182 2364 257 2422 In
284 2364 485 2423 diebus
512 2363 643 2442 mist
670 2364 909 2423 Factum
937 2373 1025 2424 est
1063 2365 1300 2424 verbum

102 2440 340 2500 Domini
390 2442 466 2499 ad
518 2463 627 2515 me,
674 2443 905 2514 dicens;
967 2443 1117 2503 Haec
1161 2442 1304 2502 dicit

100 2519 382 2579 Dominus
449 2522 604 2579 Deus
670 2521 1023 2581 exercituum
1061 2543 1077 2582 ι
1146 2519 1304 2580 Sicut

100 2599 345 2677 cogitavi
398 2606 465 2656 ut
524 2597 841 2676 affligerem
898 2619 995 2659 vos
1046 2619 1176 2658 cum
1229 2601 1304 2658 ad

99 2675 452 2735 iracundiam
506 2686 899 2753 provocassent
950 2699 1045 2738 me
1112 2686 1304 2756 patres

102 2756 295 2826 vestri,
352 2764 415 2813 et
478 2773 593 2811 non
658 2775 781 2813 sum
845 2756 1150 2817 misertus:
1223 2758 1305 2816 sic

100 2850 401 2891 conversus
469 2833 708 2911 cogitavi
780 2833 841 2891 in
909 2835 1107 2895 diebus
1178 2835 1304 2894 istis

100 2919 170 2969 ut
205 2909 553 2970 benefaciam
598 2910 961 2971 Hierusalem
1009 2920 1069 2972 et
1109 2912 1302 2972 domui

96 2986 144 3047 J
142 2990 288 3047 udae.
339 2987 540 3048 Nolite
558 2988 781 3048 timere.
830 2990 977 3049 Haec
996 3000 1130 3050 sunt
1150 2993 1301 3050 enim

99 3069 275 3125 verba
314 3086 441 3143 quae
480 3065 713 3127 facietis.
786 3068 1116 3145 Loquimini
1154 3070 1302 3128 veri-

95 3153 280 3203 tatem
308 3147 684 3223 unusquisque
710 3166 837 3203 cum
874 3149 1137 3226 proximo
1163 3167 1300 3206 suo:

95 3224 403 3283 veritatem
445 3239 505 3282 et
539 3223 817 3301 judicium
863 3225 1015 3303 pacis
1052 3226 1303 3303 judicate

93 3299 162 3358 in
186 3302 369 3380 portis
390 3304 607 3360 vestris.
672 3303 752 3361 Et
775 3304 1156 3382 unusquisque
1184 3325 1303 3361 ma-

92 3376 217 3438 lum
246 3388 445 3438 contra
470 3380 712 3438 amicum
753 3401 917 3438 suum
945 3402 1017 3441 ne
1044 3382 1302 3461 cogitetis

91 3455 160 3513 in
207 3458 469 3517 cordibus
516 3459 753 3517 vestris:
811 3466 870 3517 et
907 3459 1299 3538 juramentum

90 3541 120 3570 ο
144 3536 397 3595 mendax
416 3547 441 3576 θ
467 3556 540 3594 ne
579 3536 825 3615 diligatis
855 3559 869 3596 ε
920 3538 1111 3595 omnia
1145 3539 1299 3598 enim

90 3612 223 3673 haec
250 3621 385 3672 sunt
410 3634 539 3693 quae
567 3615 681 3687 odi,
702 3614 840 3673 dicit
866 3615 1164 3674 Dominus.
1220 3617 1300 3676 Et

85 3691 307 3751 factum
329 3702 415 3752 est
434 3694 669 3751 verbum
690 3692 925 3751 Domini
947 3695 1297 3753 exercituum

86 3770 171 3827 ad
220 3790 333 3842 me,
368 3770 609 3843 dicens3
651 3770 799 3829 Haec
838 3771 978 3830 dicit
1020 3772 1299 3832 Dominus

85 3850 486 3907 exercituum:
529 3848 870 3926 dJejunium
904 3849 1132 3940 'primist¹
1148 3850 1298 3930 jeju-

85 3925 258 3985 nium
284 3927 494 4004 quarti,
512 3926 797 4005 jejunium
824 3928 1030 4006 quinti,
1057 3937 1117 3986 et
1147 3931 1299 4007 jeju-

78 4061 114 4092 ·
153 4052 243 4109 Ps.
268 4054 373 4109 cxl.
400 4054 546 4127 (cxli.
583 4053 661 4179 22

79 4124 116 4163 b
153 4141 267 4196 cap.
296 4126 411 4181 viii.
438 4126 495 4179 C.
524 4126 594 4196 (v,
657 4125 842 4198 4-20.)

80 4204 111 4232 ⁶
152 4195 596 4251 mendacii—97.
626 4196 710 4250 98.
1211 4216 1224 4227 ·

72 4264 112 4304 «Ι
152 4281 265 4320 non
289 4266 496 4321 habent
519 4265 604 4320 92.
632 4266 717 4322 97.
746 4265 831 4321 98.
856 4267 955 4323 4L.
983 4267 1066 4323 57.
1094 4268 1160 4322 V.

71 4344 104 4375 θ
147 4334 461 4391 dicia—92.
489 4336 574 4390 98.
599 4336 695 4390 4L.
729 4336 811 4389 15.
840 4337 924 4394 57.

67 4479 115 4513 ⁴¹·
154 4479 407 4537 Adventu
435 4477 911 4614 Dogzg'nl-Grad,

402 282 719 332 SABBA'ro
755 281 1095 340 QUA'onR
1126 280 1528 332 TEMPORUM
1564 281 1833 335 MENSIS
1869 286 2332 337 sBP'rEMBms.

2518 271 2647 336 546

1434 440 1593 498 nium
1621 459 1679 499 se
1724 441 1869 514 timi,
1899 452 1953 503 et
1967 443 2253 522 jejunium
2282 443 2504 514 decimi,
2533 445 2646 502 erit

1429 517 1627 577 domui
1666 460 1836 580 fudae
1878 523 1938 580 in
1973 523 2242 602 gaudium
2273 532 2332 580 et
2357 521 2639 593 laetitiam,

1431 603 1490 654 et
1543 597 1605 654 in
1652 597 2038 661 solemnitates
2090 600 2426 679 praeclaras:
2489 602 2638 659 veri-

1427 680 1608 733 tatem
1639 683 1863 735 tantum
1892 688 1951 738 et
1976 699 2175 758 pacem
2201 678 2440 757 diligite,
2467 684 2491 711 ⁶
2509 678 2594 737 ait
2612 683 2635 710 ⁹

1426 750 1707 810 Dominus
1735 759 2102 817 exercituum.

1510 829 1806 889 Gli-adala

1494 907 1715 962 Salvum
1750 907 1835 963 fac
1870 903 2130 988 populum
2162 909 2337 974 tuum,
2365 902 2628 958 Domine:

1424 982 1481 1031 et
1504 979 1727 1033 benedic
1750 976 2055 1032 haereditati
2079 981 2207 1029 tuse.

1434 1048 1495 1101 V.
1571 1048 1663 1102 Ad
1688 1054 1758 1116 te,
1782 1047 2024 1115 Domine,
2045 1044 2293 1112 clamavi,
2316 1044 2460 1098 Deus
2477 1060 2629 1098 meus

1418 1135 1488 1172 ne
1512 1117 1668 1172 sileas
1683 1137 1716 1172 a
1731 1136 1816 1173 me
1839 1139 1850 1171 :
1872 1124 1927 1172 et
1941 1133 2031 1171 ero
2048 1116 2242 1170 similis
2257 1114 2624 1170 descendenti·

1419 1187 1522 1243 bus
1544 1189 1604 1241 in
1632 1189 1825 1244 lacum.

1503 1258 1766 1319 Oremus.

1501 1337 1723 1396 oratic.

1502 1415 1592 1474 Ut
1607 1431 1636 1469 s
1646 1415 1856 1486 nobis,ss
1871 1414 2135 1485 Domine,
2155 1413 2356 1471 tribuis
2370 1411 2625 1472 solemne

1417 1492 1524 1551 tibi
1542 1492 1767 1552 deferre
1787 1493 2087 1571 jejunium,
2106 1492 2183 1549 sic
2203 1491 2381 1561 nobiS,
2403 1510 2624 1568 quaesu·

1419 1591 1562 1644 mus,
1594 1569 1964 1650 indulgentiae
1985 1576 2017 1615 h
2049 1578 2260 1648 praesta
2289 1570 2618 1626 subsidium.

1421 1651 1536 1709 Per
1577 1648 1909 1707 Dominum.

1499 1725 1692 1786 Lectio
1724 1727 1927 1804 quinta
1956 1723 2214 1804 Angelus
2241 1722 2478 1783 Domini
2506 1731 2619 1781 tota

1418 1806 1636 1881 leqatur
1661 1806 1804 1863 sicvt
1839 1803 1906 1862 in
1930 1803 2171 1863 Sabbato
2204 1802 2462 1873 Quatuor
2486 1810 2623 1859 tem·

1423 1959 1564 2019 Duo
1616 1884 1809 2019 elizaei
1831 1880 2626 2035 hjlgdqggzffial'fwsssesg

1419 2039 1828 2117 supevpelliciis
1856 2038 1933 2096 ad
1957 2037 2201 2113 yradum
2227 2036 2385 2095 choo-i
2418 2035 2625 2094 isimul

1420 2120 1679 2183 cantent*
1710 2117 1997 2175 Tractum.

1499 2195 1753 2253 Tractus.

1488 2271 1652 2325 Omni
1725 2277 1930 2326 tentem
1973 2286 2181 2341 semper
2220 2269 2464 2324 adorant.

1556 2341 1629 2395 Et
1689 2342 1980 2396 enedicunt
2004 2357 2162 2395 omne
2191 2357 2287 2412 per
2309 2356 2504 2395 sevum.

1503 2411 1721 2471 Chorus
1748 2414 1901 2470 idem
1928 2420 2156 2490 repetat.

1501 2483 1718 2549 Clerici
1759 2489 1829 2549 V.

1486 2567 1656 2621 Astra
1671 2566 1931 2639 polorum,
1957 2571 2152 2621 cuncta
2174 2565 2460 2619 hominum
2472 2580 2620 2637 gens,

1557 2638 1742 2707 solque
1764 2655 2027 2707 sororque,
2053 2636 2267 2690 lumina
2289 2636 2426 2690 coeli.

1499 2706 1732 2767 Chorus.
1814 2708 2252 2779 omnipotentem
2278 2722 2499 2776 semper.

1503 2784 1717 2844 Clerici
1751 2786 1815 2844 V.

1483 2862 1572 2917 Sic
1607 2879 1819 2933 quoque
1841 2859 2080 2932 lymphas
2098 2874 2327 2929 quaeque
2354 2873 2617 2929 supernae,

1558 2950 1646 2988 ros
1667 2933 1987 3005 pluviaeque,
2015 2930 2236 3002 spiritus
2258 2929 2450 2983 omnis.

1498 3002 1731 3063 Chorus.
1814 3003 1886 3057 Et
1917 3000 2258 3055 benedicunt.

1498 3080 1710 3141 Clerici
1743 3082 1806 3141 V.

1484 3158 1640 3229 Ignis
1675 3167 1730 3214 et
1764 3165 1943 3225 oestus,
1981 3171 2174 3210 cauma
2205 3152 2451 3234 geluque,

1551 3229 1722 3301 frigus
1744 3237 1801 3285 et
1823 3226 1994 3295 ardor,
2021 3231 2185 3294 atque
2208 3240 2420 3295 pruma.

1499 3298 1734 3359 Chorus.
1818 3297 2274 3369 omnipotentem.

1504 3377 1719 3438 Clerici
1753 3379 1815 3438 V.

1485 3454 1612 3526 Nix,
1638 3456 1952 3528 glaciesque,
1982 3468 2196 3522 noxque
2224 3451 2456 3522 diesque,

1556 3526 1654 3580 lux
1679 3528 2033 3594 tenebraeque,
2059 3522 2277 3594 fulgura
2302 3521 2487 3576 nubes.

1502 3595 1738 3656 Chorus.
1819 3597 1892 3650 Et
1920 3593 2262 3650 benedicunt.

1498 3673 1709 3734 Clerici
1742 3674 1807 3734 V.

1484 3751 1674 3819 Arida,
1700 3757 1923 3820 montes,
1949 3748 2207 3821 germina,
2232 3744 2407 3814 colles,

1559 3821 1804 3891 flumina,
1830 3822 2018 3888 fontes,
2046 3822 2246 3890 pontus
2269 3821 2326 3870 et
2347 3814 2527 3870 undae.

1495 3890 1727 3951 Chorus.
1807 3890 2266 3961 omnipotentem.

1410 4062 1432 4101 ¹
1463 4063 1551 4117 Ps.
1579 4060 1743 4116 xxvii.
1797 4060 1980 4115 xxviii.
2007 4059 2056 4129 9,
2086 4058 2160 4130 1.)

1409 4141 1439 4180 8
1473 4132 1746 4187 nos—92.
1812 4131 1861 4184 8.
1887 4130 1985 4184 4L.
2013 4130 2099 4184 57.

1410 4202 1440 4241 1·
1480 4201 1766 4258 tua-94.
1794 4199 1879 4256 97.

1408 4273 1424 4310 ¹
1466 4269 1828 4328 dicant-92.
1880 4267 1964 4321 94.
2016 4265 2105 4320 98.
2148 4264 2250 4319 41..
2301 4266 2386 4321 57.
2448 4264 2612 4325 etad.

1403 4343 1569 4397 simul
1593 4341 1779 4397 dicant
1800 4334 2286 4410 sequentem—15.

1401 4484 1438 4554 †
1472 4483 1663 4538 seilicet
1696 4474 2176 4536 macone-Grac
