2975 5009
300 257 429 322 355

1226 275 1305 324 IN
1342 276 1626 325 VIGILIA
1660 278 1982 330 PAscHAE.

2716 273 2827 337 356

319 449 487 509 super
514 438 747 489 terram.
830 431 1048 490 Mortui
1091 433 1242 491 enim
1286 431 1439 503 estis,
1468 440 1529 492 et
1634 433 1923 515 discipulis
1964 440 2088 517 ejus
2113 442 2263 531 ‚quia
2301 444 2588 503 surrexit:
2637 451 2694 502 et
2720 465 2827 504 eece

323 509 441 566 vita
470 517 656 568 vestra
673 510 1001 569 abscondita
1026 518 1114 569 est
1139 532 1265 569 cum
1296 509 1528 570 Christo

321 587 378 644 in
411 588 550 647 Deo.
633 588 779 648 Cum
809 588 961 647 enim
999 588 1261 648 Christus
1287 609 1528 667 apparu-

323 665 454 736 erit,
500 666 616 724 vita
649 675 870 726 vestra:
916 674 1053 725 tuno
1079 678 1138 728 et
1169 687 1266 726 vos
1290 687 1530 746 appare-

324 744 458 803 bitis
484 765 611 803 cum
639 745 659 803 i
700 765 761 803 so
787 745 848 803 in
874 743 1071 823 gloria.

425 823 599 880 Lecta
664 766 950 901 pEpistola,
1008 824 1122 881 duo
1187 823 1379 881 clerici
1415 824 1533 883 de*

329 901 570 958 secunda
606 901 805 978 forma
826 902 863 935 ³⁶
917 902 984 959 in
1023 901 1185 978 capis
1225 901 1417 960 sericis
1470 903 1538 960 in

323 979 552 1056 puhpito
592 988 812 1038 cantent
843 980 941 1037 hoc
974 987 1247 1058 Alleluya.
1325 978 1541 1038 Chorus

333 1057 485 1114 idem
524 1066 749 1135 repetat,
783 1067 833 1116 et
855 1068 1245 1136 prosequatur,
1273 1066 1323 1116 et
1349 1059 1542 1117 clerici

346 1134 629 1193 Versumst*

407 1211 754 1267 Confitemini
790 1213 1023 1268 Domino
1063 1212 1320 1284 quoniam
1351 1215 1541 1284 bonus,

334 1283 590 1354 quoniam
616 1283 673 1336 in
699 1284 957 1338 saeculum
983 1285 1341 1339 misericordia
1362 1285 1495 1356 ejus

420 1353 635 1413 Chorus
672 1356 854 1431 finiat
899 1378 1025 1414 cum
1070 1377 1293 1414 neuma.
1394 1356 1544 1414 Item

337 1433 528 1490 clerici
543 1434 887 1511 reincipiant
904 1440 1163 1512 Alleluya
1176 1435 1297 1492 sine
1315 1455 1539 1492 neuma.

337 1512 561 1569 Deinde
586 1520 849 1589 sequatur
877 1512 1130 1583 Tractus,
1152 1513 1255 1589 qui
1273 1533 1312 1569 a
1330 1513 1543 1571 duobus

337 1589 403 1646 de
438 1591 678 1647 secunda
697 1589 895 1666 forma
921 1590 988 1647 in
1014 1589 1170 1668 capis
1191 1591 1219 1629 b
1244 1591 1428 1667 niyris
1468 1591 1547 1649 ad

337 1668 580 1744 yradum
600 1669 758 1726 chori
792 1676 933 1726 totus
960 1676 1010 1726 et
1035 1669 1247 1745 inteyer
1271 1677 1544 1741 cantetur,

341 1746 503 1803 choro
530 1747 760 1804 interim
784 1747 1011 1805 sedente.

426 1825 709 1882 Tractus.⁰

412 1901 654 1956 Laudate
691 1901 999 1972 Dominum,
1026 1917 1211 1957 omnes
1239 1908 1427 1972 gentes
1452 1922 1465 1957 z
1492 1908 1549 1957 et

342 1971 642 2027 collaudate
664 1991 804 2042 eum,
831 1990 1015 2027 omnes
1038 1973 1238 2043 populi.

357 2044 415 2096 V.
489 2043 752 2108 Quoniam
786 2045 1102 2097 confirmata
1137 2048 1217 2095 est
1253 2060 1317 2095 su

345 2114 705 2168 misericordia
751 2115 870 2185 ejus
907 2132 918 2167 ε
969 2120 1025 2168 et
1073 2113 1270 2167 veritas

344 2190 530 2238 manet
551 2185 610 2237 in
635 2190 915 2239 aeternum.

420 2256 666 2313 Interim
691 2276 817 2312 vero
834 2254 1101 2332 procedat
1122 2254 1393 2312 diaconus
1419 2275 1548 2313 cum

342 2332 678 2391 subdiacono
722 2354 829 2412 per
878 2331 1129 2389 medium
1191 2333 1348 2390 chori
1397 2354 1548 2392 more

343 2411 522 2482 solitO,
539 2411 659 2468 sine
679 2432 851 2482 cruce,
871 2411 950 2467 ad
970 2410 1257 2485 leyendum
1285 2410 1550 2487 Evanqe·

345 2490 524 2560 lium;
552 2509 712 2566 quem
737 2489 1052 2565 praecedant
1077 2489 1190 2569 duo
1226 2489 1550 2565 ceroferarii

344 2568 514 2625 cereis
550 2568 804 2625 extinctis
826 2589 844 2624 .·
883 2576 932 2625 et
973 2567 1188 2644 leyatur
1222 2568 1288 2624 in
1325 2567 1548 2645 pulpito

341 2666 493 2703 more
517 2646 869 2703 dominicali.

423 2722 722 2801 Sequentia
773 2725 956 2782 sancti
999 2722 1310 2804 Evanyelii
1359 2744 1547 2782 sec-une·

338 2803 477 2860 dum
502 2803 888 2861 Matthoeum.d

420 2880 675 2959 Vespere
701 2890 889 2940 autem
912 2882 1145 2952 sabbati,
1167 2899 1296 2957 quae
1315 2880 1547 2939 lucescit

342 2960 402 3015 in
444 2961 630 3037 prima
675 2960 906 3030 sabbati,
949 2960 1107 3018 venit
1147 2960 1337 3017 Maria
1376 2959 1479 3016 Ma
1520 2992 1545 3003 -

341 3036 564 3109 dalene,
593 3048 653 3097 et
678 3037 860 3097 altera
892 3038 1098 3110 Maria,
1129 3038 1320 3095 videre
1360 2979 1545 3115 sepu5·

341 3116 560 3174 chrum.
628 3116 707 3174 Et
734 3137 857 3176 ecce
883 3124 1244 3175 terraemotus
1263 3113 1439 3173 factus
1458 3125 1544 3174 est

342 3215 596 3272 magnus.
678 3195 772 3252 An
814 3193 930 3253 elus
969 3203 1159 3254 autem
1187 3194 1419 3252 Domini
1447 3195 1544 3252 de-

343 3274 560 3331 scendit
594 3273 665 3331 de
691 3293 772 3332 coe
796 3293 861 3333 ot
914 3283 974 3332 et
1011 3275 1278 3332 accedens
1306 3271 1547 3332 revolvit

342 3350 608 3429 lapidem,
637 3360 695 3410 et
718 3353 951 3411 sedebat
976 3371 1143 3429 super
1170 3371 1320 3408 eum.
1400 3350 1547 3409 Erat

343 3439 536 3488 autem
589 3438 843 3508 aspectus
886 3431 1005 3506 ejus
1053 3429 1193 3487 sicut
1234 3427 1439 3506 fulgur,
1484 3437 1545 3488 et

343 3508 681 3567 vestimenta
700 3508 816 3587 ejus
832 3508 976 3567 sicut
997 3507 1117 3563 nix.
1187 3507 1319 3565 Prae
1340 3507 1546 3566 timore

343 3594 535 3645 autem
577 3587 696 3664 ejus
736 3584 998 3646 exterriti
1025 3592 1160 3641 sunt
1184 3585 1458 3655 custodeS,
1486 3593 1547 3644 et

340 3663 474 3723 facti
509 3675 642 3724 sunt
667 3664 821 3723 velut
862 3662 1088 3721 mortui.
1171 3661 1546 3740 Respondens

339 3752 532 3802 autem
552 3743 782 3822 angelus
802 3742 951 3799 dixit
967 3739 1324 3813 mulieribus;
1347 3740 1547 3801 Nolite

340 3822 547 3881 timere
594 3842 725 3881 vos:
781 3822 892 3879 scio
935 3818 1106 3890 enim,
1151 3820 1298 3896 quod
1344 3818 1544 3877 Jesum

342 3901 437 3979 qui
492 3901 795 3959 crucifixus
860 3905 966 3970 est,
1034 3897 1303 3975 quaeritis.

343 3988 430 4037 est
475 3978 605 4038 hio:
661 3977 911 4037 surrexit
958 3975 1128 4047 enim,
1171 3976 1314 4034 sicut
1357 3975 1544 4034 dixit:

344 4059 531 4117 venite
579 4066 638 4116 et
690 4056 877 4115 videte
928 4053 1128 4125 locum,
1183 4053 1278 4111 ubi
1331 4054 1546 4133 positus

342 4145 467 4195 erat
496 4135 786 4194 Dominus.
868 4133 946 4193 Et
984 4133 1094 4190 cito
1134 4141 1349 4206 euntes,
1377 4133 1548 4192 dicite

338 4246 366 4274 ⁸
403 4238 490 4292 Ps.
517 4236 671 4293 cxvii.
702 4235 898 4308 (cxviii.
931 4237 1002 4307 1.)

340 4311 366 4348 b
402 4309 687 4362 suis—94.
716 4308 800 4364 97.

339 4392 361 4417 ⁰
401 4380 487 4433 Ps.
515 4381 650 4436 cxvi.
679 4379 884 4452 (cxvii.)

333 4477 366 4510 ἦ
402 4479 665 4545 superiori
680 4476 1106 4548 qradu.-Grad.

1385 2060 1413 2095 ι·
1449 2060 1549 2096 nos

1411 2114 1550 2166 mini

1406 3898 1545 3955 Non
1595 3950 1602 3956 .

1646 518 1932 594 praeoedet
1967 538 2066 576 vos
2109 539 2168 576 m
2212 520 2547 581 Galilaeam:
2601 522 2678 581 ibi
2718 543 2827 583 eum

1647 593 1928 654 videbitis.
2008 597 2156 656 Ecce

1947 674 1959 686 ι
2002 676 2014 688 0
2147 601 2427 735 Cpraedixi
2458 599 2632 660 vobis.

1738 673 1865 730 Non
1890 674 2108 733 dicitur
2196 679 2350 751 redo,
2377 678 2474 736 sed
2502 688 2631 756 post
2657 677 2829 739 Evan-

1649 751 1859 890 gglium
1897 754 2113 812 dicitwr
2159 755 2438 816 Dominus
2486 758 2753 817 vobiscum
2788 765 2830 815 et

1711 851 1915 890 remus.

1733 907 1878 967 Non
1902 911 2120 969 dicitur
2149 911 2527 988 offertorium.

1739 985 1978 1047 Secreta.

1737 1065 1983 1146 Suscipe,
2012 1087 2347 1146 quaesumus,
2376 1070 2644 1144 Domine,
2668 1091 2833 1151 preces

1658 1145 1852 1225 populi
1869 1146 1955 1204 tui
1976 1167 2102 1204 cum
2129 1147 2504 1209 oblationibus
2525 1150 2833 1209 hostiarum:

1659 1234 1725 1282 ut
1766 1224 2124 1284 Paschalibus
2165 1227 2405 1286 initiatae
2448 1229 2742 1307 mysteriiS,
2775 1229 2830 1286 ad

1660 1304 1997 1362 aeternitatis
2024 1304 2184 1363 nobis
2206 1306 2484 1365 medelam
2508 1317 2568 1366 te
2595 1317 2837 1386 operante

1659 1382 1978 1462 proficiant..
2061 1382 2175 1442 Per
2201 1385 2535 1444 Dominum.

1740 1461 2037 1537 Praefatio·
2116 1462 2197 1522 Et
2216 1472 2273 1522 te
2293 1464 2525 1540 quidem
2548 1465 2699 1522 omni
2717 1472 2838 1522 tem-

1660 1560 1818 1619 pore,
1846 1542 1945 1600 sed
1972 1541 2032 1598 in
2060 1541 2165 1599 hac
2205 1543 2562 1620 potissimum
2604 1551 2772 1611 nocte,
2797 1549 2838 1598 et

1661 1619 2159 1678 Communicantes
2198 1629 2259 1679 et
2297 1629 2520 1680 noctem
2562 1620 2837 1680 sacratissi-

1661 1717 1813 1755 mam
1844 1707 1894 1755 et
1919 1698 2089 1756 Hanc
2115 1699 2310 1774 igitur.

1741 1777 1885 1835 Hoec
1947 1777 2226 1854 Proefatio
2277 1778 2495 1836 dicitur
2546 1799 2646 1856 per
2693 1784 2842 1835 totam

1664 1856 2068 1914 hebdomadam
2085 1857 2321 1914 Paschae
2330 1865 2381 1914 et
2395 1857 2464 1914 in
2479 1858 2728 1915 omnibus
2741 1856 2840 1913 Do·

1663 1935 1895 1994 minicis
1911 1955 2080 2011 usque
2101 1935 2179 1992 ad
2198 1934 2601 1994 Ascensionem
2626 1934 2845 1993 Domini

1665 2015 1892 2090 quando
1962 2016 1997 2091 †
2025 2014 2093 2071 de
2143 2014 2568 2072 Resurrectione
2614 2013 2842 2090 ayitur.†

1663 2093 2160 2152 Communicantes
2177 2114 2303 2151 vero
2325 2102 2377 2150 et
2397 2093 2568 2151 Hanc
2582 2094 2751 2172 igitur
2756 2112 2846 2168 per

1663 2172 2066 2231 hebdomadam
2086 2180 2137 2230 et
2154 2173 2222 2229 in
2243 2172 2474 2249 Octavis
2492 2173 2725 2231 Paschoe
2739 2179 2845 2227 tan-

1664 2259 1785 2308 tum
1811 2252 2098 2310 dicuntur.
2173 2251 2307 2310 Hac
2333 2252 2428 2309 die
2453 2251 2672 2309 dicitur
2698 2251 2848 2310 Sanc-

1665 2338 1757 2388 tus
1777 2331 2108 2389 solemniter.
2178 2330 2473 2388 Sacerdote
2492 2351 2620 2387 vero
2638 2329 2847 2395 dicente,

1667 2411 1791 2469 Pax
1830 2410 2066 2468 Domini
2106 2409 2182 2467 sit
2222 2429 2448 2487 semper
2488 2409 2787 2478 vobiscum,
2810 2413 2849 2463 et

1664 2490 1826 2548 choro
1852 2489 2224 2566 respondente,
2254 2487 2334 2545 Et
2358 2509 2485 2546 cum
2522 2487 2726 2566 spiritu
2750 2495 2848 2544 tuo.

1664 2566 1807 2626 Non
1841 2568 2058 2626 dicitur
2089 2567 2296 2646 Agnus
2322 2566 2433 2639 Dei
2474 2588 2575 2624 nec
2611 2564 2744 2622 Pan:
2774 2564 2850 2621 de·

1665 2654 1777 2720 tur,
1830 2647 1926 2704 sed
1960 2646 2121 2723 facto
2162 2645 2462 2703 intervallo
2514 2644 2850 2721 incipiantur

1674 2725 1920 2802 Vesperoe
1948 2725 2171 2801 festivae
2216 2724 2337 2781 sine
2377 2723 2656 2798 reyimine
2698 2719 2849 2788 chori,

1664 2825 1785 2861 sine
1832 2823 2245 2881 campanarum

1665 2882 1821 2941 Deus
1872 2882 1932 2939 in
1988 2881 2349 2959 adjutorium,
2404 2899 2443 2935 a
2496 2879 2743 2956 quodam
2799 2876 2851 2933 de

1662 2961 1947 3090 εαλῗῆίῗτί
1970 2960 2156 3035 yradu
2176 2980 2241 3017 ex
2256 2966 2427 3037 parte
2455 2958 2617 3016 chori
2637 2979 2661 3030 ,·
2686 2958 2778 3028 sic,
2929 2962 2930 2965 ’

1834 3055 1863 3090 e
1888 3056 1923 3090 u
1960 3055 2008 3091 a.

1739 3056 2055 3167 Psalnirusf9

1743 3187 2002 3246 Laudato
2045 3186 2374 3257 Dominum,
2408 3205 2609 3243 omnes
2634 3192 2848 3265 gentes:

1663 3265 1890 3325 laudate
1918 3287 2068 3338 eum,
2097 3284 2294 3324 omnes
2320 3262 2515 3342 populi
2541 3286 2556 3323 ε

1747 3345 2032 3412 Quoniam
2071 3344 2412 3401 confirmata
2449 3350 2539 3400 est
2577 3361 2643 3400 su

1664 3423 2049 3482 misericordia
2088 3421 2208 3499 ejus
2238 3442 2250 3478 :
2300 3430 2361 3481 et
2388 3421 2600 3479 veritas

1665 3511 1860 3560 manet
1887 3502 1947 3559 in
1976 3509 2273 3559 aeternum.

1747 3579 1947 3640 Gloria
1986 3580 2148 3639 Patri
2197 3588 2257 3638 et
2298 3576 2473 3636 ffilio:
2527 3586 2589 3636 et
2635 3572 2850 3655 Spiritui
2921 3632 2922 3639 χ

1666 3659 1890 3720 Sancto.

1744 3740 1904 3800 Sicut
1941 3744 2067 3796 erat
2106 3737 2167 3794 in
2205 3734 2486 3870 principio
2525 3742 2586 3793 et
2626 3753 2769 3792 nunc
2803 3738 2852 3788 et
2919 3762 2920 3765 =

1666 3837 1890 3897 semper
1920 3839 1934 3876 ε
2001 3827 2060 3874 et
2120 3816 2180 3873 in
2247 3834 2390 3872 saecu
2419 3833 2452 3871 a
2518 3811 2851 3872 saeculorum.

1665 3896 1873 3954 Amen.

1748 3975 1892 4032 Tota
1918 3973 2135 4031 dicitur
2162 3970 2524 4047 Antiphona.

1726 4051 1998 4123 Alleluya‚
2018 4049 2290 4142 Alleluya,
2310 4046 2585 4119 Alleluya,
2604 4045 2853 4117 Alleluya.

2714 3362 2744 3398 r
2767 3357 2852 3397 nos

2730 3416 2850 3476 mini

1666 4231 1694 4269 ‘¹
1730 4247 1842 4300 oap.
1871 4227 2055 4284 xxviii.
2084 4228 2153 4282 A.
2183 4227 2253 4299 (v.
2283 4226 2433 4296 1-7.)

1668 4311 1691 4340 θ
1728 4301 1838 4373 (Ps.
1865 4299 2047 4371 cxvii.)

1665 4470 1701 4539 †
1738 4470 1800 4522 de
1846 4467 2129 4521 Dominica
2169 4467 2272 4520 sive
2313 4467 2377 4519 de
2425 4464 2632 4519 Pascha
2680 4462 2875 4518 dieitur·

1663 4539 2075 4594 missa—(irad.

2277 2800 2624 2879 pulsatione,
2668 2808 2719 2858 et
2752 2799 2851 2856 sine
2931 2822 2932 2825 ¹
