2975 5009
165 239 260 306 341
982 262 1062 310 m
1111 261 1434 312 sAnnA'ro
1481 262 1778 313 mucro,

214 412 313 471 Hic
335 414 652 473 accendatur
675 437 858 474 cereus
883 417 952 475 de
983 439 1123 476 novo
1150 420 1294 495 iqne,

153 500 264 548 *nec
294 494 634 568 eoetinyuatur
672 515 844 571 usque
874 504 1006 574 post
1038 495 1292 575 Comple-

156 569 320 626 torium
358 571 470 628 diei
529 575 813 648 sequentis.
925 572 1012 631 Et
1078 576 1295 633 ardebit

155 666 293 704 cereus
327 648 606 707 Paschalis
652 651 910 708 continue
946 673 1056 728 per
1099 653 1295 711 hebdo-

155 725 337 783 madam
379 724 703 786 Pasckalem
749 730 828 786 ad
871 731 1199 788 Matutinas
1245 740 1296 789 et

156 802 214 858 ad
232 802 449 862 Missam
467 813 515 862 et
541 806 619 863 ad
649 807 928 883 Vesperas.
1011 807 1297 868 Similiter

145 879 233 954 fiat
251 881 306 938 in
321 882 528 940 Octavis
549 882 804 942 Paschae.
878 886 1148 944 Omnibus
1173 908 1294 945 vero

153 954 423 1017 Dominicis
464 963 534 1018 ab
579 961 806 1020 Octavis
846 964 1082 1022 Paschae
1125 986 1295 1042 usque

153 1034 210 1091 ad
226 1035 581 1097 Ascensionem
617 1038 884 1112 Domini,
933 1042 1012 1099 ad
1048 1042 1295 1100 Missam

152 1119 322 1171 tantum
336 1118 675 1190 accendatur,
693 1119 865 1176 ctiam
881 1118 1091 1195 infesto
1111 1121 1296 1179 sancti

151 1188 306 1249 Marci
320 1194 698 1271 Evanqelistoe,
727 1197 1126 1273 Apostolorum
1146 1200 1293 1256 Phi-

151 1266 266 1345 lipPi
294 1280 338 1329 et
377 1272 429 1330 J
423 1274 577 1331 acobi
624 1275 702 1330 ad
747 1274 998 1332 Missam
1050 1284 1289 1334 tantum.

150 1344 208 1403 In
237 1347 668 1410 Annumtiati‹me
695 1353 862 1410 beatoe
896 1354 1114 1411 Mariae
1150 1363 1201 1412 et
1225 1355 1292 1412 in

149 1422 416 1486 Inventione
439 1438 642 1487 sanctoe
674 1428 890 1502 Omtcis,
917 1433 1063 1489 sicut
1087 1433 1150 1489 in
1183 1432 1290 1491 Oc-

146 1503 255 1560 tavis
277 1503 491 1564 Pascbae
510 1508 896 1566 accendatur.ab
953 1510 1074 1567 Hic
1095 1510 1290 1586 cercfe·

147 1580 263 1638 rarii
270 1603 424 1641 cereos
430 1606 552 1642 suos
561 1585 981 1664 accendantper
989 1588 1286 1646 ecclesiam.

203 1657 296 1726 Qui
330 1660 451 1720 licet
486 1664 701 1722 divisus
727 1663 788 1720 in
814 1673 1004 1742 partes
1045 1667 1286 1724 mutuati

146 1732 322 1796 luminis
345 1741 687 1800 detrimenta
710 1762 823 1799 non
853 1743 1025 1800 novit.
1095 1743 1290 1802 Alitur

145 1809 429 1892 liquantibus
459 1820 624 1891 ceris,
664 1839 804 1897 quas
830 1821 890 1876 in
917 1822 1286 1880 substantiam

143 1894 357 2024 {getiosae
400 1896 566 1976 hujus
609 1897 884 1976 lampadis
937 1901 1058 1978 apis
1105 1909 1289 1958 mater

197 1983 314 2031 uxlt.

162 2124 171 2137 ·
197 2048 398 2111 Obeata
411 2074 528 2113 nox
546 2073 678 2132 quae
705 2052 1037 2132 exspoliavit
1064 2054 1290 2133 AEgyp-

141 2133 235 2199 tlos,
278 2130 466 2190 ditavit
517 2133 840 2204 Hebraeos3
896 2153 1013 2190 nox
1066 2133 1125 2189 in
1181 2153 1291 2211 qua

141 2207 333 2267 terrenis
351 2209 597 2269 coelestia
614 2211 952 2288 junguntur.

195 2283 409 2346 Oramus
434 2298 512 2361 te,
543 2288 806 2359 Domine,
846 2296 912 2347 ut
937 2308 1130 2347 cereus
1163 2288 1291 2360 iste,

138 2355 180 2414 in
210 2359 455 2424 honorem
498 2366 748 2424 nominis
788 2367 872 2424 tui
920 2374 1288 2439 consecratus,

134 2438 187 2494 ad
206 2444 360 2501 noctis
386 2443 554 2523 hujus
571 2443 867 2521 caliginem
889 2445 1290 2503 destruendam

134 2513 413 2580 indeficiens
439 2530 784 2601 perseveret.

191 2593 252 2654 In
301 2599 526 2659 odorem
583 2600 873 2658 suavitatis
925 2597 955 2637 ι’
981 2607 1238 2678 aooeptus
1266 2601 1290 2634 b

130 2677 344 2748 supernis
368 2678 741 2736 luminaribus
769 2678 1085 2736 misceatur.

130 2825 140 2838 ·
187 2750 450 2816 Flammas
502 2758 626 2834 ejus
684 2754 912 2815 Lucifer
976 2756 1290 2815 matutinus

127 2832 373 2905 inveniat3

185 2905 296 2981 Ille,
356 2913 613 2990 inquam,
680 2909 909 2971 Lucifer
962 2911 1059 2990 qui
1113 2913 1293 2971 nescit

123 3000 374 3062 oocasum;

185 3061 279 3124 Ille
296 3069 391 3145 qui
409 3086 702 3147 regressus
729 3068 800 3125 ab
828 3065 1023 3126 inferis
1042 3067 1293 3126 humano

116 3145 279 3216 generi
304 3165 541 3206 serenus
566 3145 775 3203 illuxit.

183 3219 474 3282 Preoemur
515 3244 654 3302 ergo
691 3231 769 3295 te,
808 3223 1073 3295 Domine,
1100 3232 1167 3283 ut
1193 3243 1294 3282 nos

117 3292 319 3359 famulos
342 3311 492 3374 tuoe,
532 3321 760 3360 omnem
801 3301 1011 3360 olerum
1041 3310 1101 3361 et
1125 3304 1296 3361 devo·

115 3373 360 3437 tissimum
425 3401 504 3460 po
545 3379 721 3451 ulum,
787 3399 902 3438 una
952 3399 1078 3437 cum
1132 3387 1295 3458 patre

117 3463 279 3515 nostro
301 3478 453 3538 papa
557 3501 572 3514 .
601 3467 770 3536 atque
808 3477 945 3535 rege
985 3466 1179 3516 nostro
1205 3456 1292 3515 N.

116 3548 305 3593 necnon
344 3547 407 3596 et
451 3537 715 3615 episcopo
735 3543 929 3594 nostro
969 3535 1040 3593 N
1036 3577 1072 3606 .,
1104 3536 1294 3612 quiete

113 3616 209 3668 tem
345 3635 407 3673 m
435 3632 715 3684 concessa,
745 3613 806 3670 in
833 3612 922 3670 his
949 3613 1297 3691 paschalibus

108 3633 662 3764 gauffionseware
685 3691 956 3769 digneriS,

171 3769 274 3838 Qui
320 3790 556 3849 semper
584 3770 739 3842 vivis,
771 3790 834 3827 ro
915 3789 992 3840 as,
1032 3768 1296 3848 imperas,

110 3862 304 3906 necnon
342 3858 407 3908 et
447 3848 723 3927 gloriariS,
763 3866 824 3905 so
846 3867 911 3906 us
948 3847 1122 3918 Deus,
1149 3847 1298 3906 solus

105 3922 409 3999 altissimuS,
460 3927 505 3984 J
508 3947 605 3984 esu
651 3925 878 3984 Christe
923 3945 1050 3983 cum
1093 3926 1300 3985 Sancto

109 4000 325 4080 Spiritu,
352 4005 421 4062 in
443 4003 626 4082 gloria
652 4004 765 4062 Dei
791 4003 995 4061 Patris·
1081 4003 1294 4062 Amen.

153 4089 176 4121 ⁰
194 4082 411 4142 Finita
433 4082 806 4140 benedictione
825 4081 967 4139 cerei
980 4081 1296 4153 Paschalis,

103 4162 335 4219 sacerdos
361 4161 740 4237 completurus
771 4157 1047 4235 Officium,
1065 4160 1299 4218 indutus

102 4267 126 4297 ⁸
153 4278 254 4316 non
279 4264 497 4318 habent
519 4261 603 4314 92.
632 4260 718 4315 94.
745 4260 830 4315 97.
859 4260 943 4315 98.

102 4331 125 4369 ¹¹
153 4332 583 4388 amaneus—97.
611 4331 696 4384 26.

105 4411 125 4440 ⁶
155 4404 426 4460 habentur
451 4402 571 4458 haee
593 4403 656 4454 in
681 4400 767 4455 94.
794 4401 879 4457 97.
910 4401 992 4456 13.
1020 4401 1106 4455 26.

529 4543 657 4607 22*

2496 250 2626 316 342

1413 419 1624 491 casula,
1648 420 1727 477 ad
1742 421 1920 478 altare
1940 419 1966 452 ‘¹
1982 419 2296 478 autenticad
2312 431 2621 500 assumpta,

1413 517 1542 554 cum
1579 499 1701 554 suis
1740 499 2035 570 ministris,
2067 499 2146 556 ad
2172 499 2350 558 altare
2377 502 2619 574 accedat,

1412 573 1743 651 confessione
1756 577 1886 650 jam
1926 598 2039 633 non
2078 577 2251 649 dicta,
2277 578 2373 634 sed
2399 585 2620 637 tantum

1413 652 1590 711 Pater
1616 663 1839 725 noster3
1884 662 1934 711 et
1959 655 2256 712 osculando
2285 655 2464 712 altare
2490 676 2619 714 cum

1410 731 1529 787 suis
1590 732 1872 789 ministris
1923 739 2013 789 eat
2063 753 2312 804 sessum;
2365 733 2620 792 abscedat

1410 827 1592 866 cereus
1644 830 1810 887 super
1860 810 2122 881 hastam;
2183 811 2441 868 minister
2492 832 2618 870 vero

1410 886 1514 962 qui
1537 886 1720 944 alimn
1748 908 1961 945 cereum
2000 887 2172 966 defert
2212 889 2291 945 ad
2321 888 2618 947 sinistrum

1410 984 1584 1021 cornu
1629 964 1849 1036 altaris,
1893 974 1992 1023 stet
2033 987 2208 1043 supra-
2249 967 2490 1042 yradum
2539 967 2620 1024 ad

1411 1050 1667 1099 austrum
1709 1063 2012 1115 conversus,
2054 1065 2330 1121 quousque
2362 1046 2618 1120 finiatur

1416 1118 1773 1196 septiformis
1805 1121 2099 1179 Letania.⁶
2179 1133 2204 1162 θ
2219 1123 2391 1180 Debet
2430 1131 2617 1181 autem

1409 1198 1805 1256 candelabrum
1827 1220 1953 1256 cum
1978 1199 2142 1258 Cerco
2162 1200 2441 1257 I’aschali
2460 1221 2614 1259 amo-

1411 1276 1696 1351 verifhoia
1721 1285 1873 1333 sexta
1903 1286 2031 1354 post
2070 1278 2467 1335 Ascensimem
2494 1279 2614 1336 Do·

1407 1354 1606 1410 minue
1647 1354 1851 1411 Postea
1873 1355 2128 1429 Zeqantur
2144 1356 2394 1413 lectiones
2415 1357 2614 1433 absque

1408 1431 1592 1488 titulis
1628 1452 1665 1487 a
1700 1431 2053 1505 diqnioribus
2079 1433 2337 1509 personis
2373 1433 2452 1489 ad
2479 1454 2614 1509 yra-

1406 1508 1545 1565 dum
1571 1509 1743 1566 chori.

1484 1585 1679 1644 Lectio
1695 1586 1940 1662 prima!

1487 1663 1564 1721 In
1589 1663 1866 1742 principio
1900 1662 2112 1723 creavit
2139 1665 2295 1722 Deus
2321 1663 2525 1722 coelum
2553 1673 2614 1724 et

1407 1748 1642 1800 terram.
1742 1742 1922 1799 Terra
1953 1750 2145 1800 autem
2181 1751 2304 1801 erat
2344 1743 2527 1801 inanis
2554 1752 2616 1803 et

1405 1839 1595 1890 vacua,
1625 1827 1684 1879 et
1710 1821 1966 1878 tenebrae
2008 1827 2173 1878 erant
2212 1839 2383 1897 super
2413 1821 2613 1880 faciem

1405 1898 1625 1974 abyssi:
1676 1905 1737 1956 et
1764 1898 2010 1975 Spiritus
2054 1897 2286 1955 Domini
2325 1898 2615 1958 ferebatur

1406 1993 1576 2052 super
1627 1995 1816 2054 aquas,
1914 1976 2190 2052 Dixitque
2231 1973 2430 2048 Deus;
2486 1977 2616 2036 Fiat

1406 2051 1525 2111 lux.
1609 2053 1689 2112 Et
1714 2055 1861 2112 iacta
1879 2062 1964 2113 est
1985 2054 2101 2111 lux.
2185 2054 2263 2112 Et
2290 2054 2431 2112 vidit
2457 2054 2615 2114 Deus

1407 2129 1588 2190 lucem
1655 2132 1804 2210 quod
1858 2142 2004 2192 esset
2056 2134 2238 2190 bona:
2308 2140 2369 2191 et
2421 2133 2615 2193 divisit

1406 2206 1591 2268 lucem
1621 2230 1655 2266 a
1680 2211 1949 2269 tenebris·
2049 2208 2491 2290 Appellavitque
2528 2211 2616 2271 lu-

1407 2305 1530 2345 cem
1559 2288 1748 2360 Diem,
1788 2297 1848 2348 et
1883 2291 2145 2348 tenebras
2172 2288 2416 2347 Noctem
2442 2312 2455 2349 ε
2503 2289 2618 2349 fac-

1407 2372 1644 2443 tumque
1711 2375 1797 2424 est
1856 2387 2092 2446 vespere
2145 2374 2206 2425 et
2257 2387 2425 2425 mane
2491 2369 2613 2427 dies

1407 2464 1570 2502 unus.
1629 2444 1797 2503 Dixit
1812 2465 2031 2522 quoquo
2050 2448 2203 2503 Deus
2221 2466 2237 2516 3
2270 2445 2402 2504 Fiat
2420 2447 2615 2503 firma-

1409 2530 1669 2580 mentum
1691 2523 1751 2579 in
1773 2523 1959 2580 medio
1978 2542 2250 2599 aquarum
2275 2544 2287 2580 :
2319 2532 2378 2582 et
2398 2525 2617 2582 dividat

1407 2619 1579 2676 aquas
1605 2601 1675 2657 ab
1701 2600 1875 2678 aquis
1959 2599 2037 2658 Et
2076 2599 2208 2658 fecit
2236 2600 2393 2658 Deus
2420 2602 2617 2658 firma-

1408 2686 1691 2748 mentum,
1735 2676 2034 2753 divisitque
2077 2697 2127 2733 a(
2149 2698 2249 2735 uas
2289 2698 2416 2753 quae
2450 2689 2617 2736 erant

1407 2756 1513 2812 sub
1566 2755 1931 2811 firmamento
1983 2755 2054 2811 ab
2164 2756 2210 2811 is
2264 2774 2392 2830 quse
2452 2764 2617 2813 erant

1407 2849 1578 2909 super
1617 2832 2065 2888 firmamentum.
2161 2832 2242 2891 Et
2279 2834 2487 2889 factum
2530 2841 2617 2892 est

1406 2911 1507 2968 ita.
1589 2908 1935 2986 Vocavitque
1963 2911 2117 2967 Deus
2158 2910 2613 2982 firmamentum,

1404 2988 1652 3046 Coelum:
1692 2996 1752 3045 et
1770 2986 1979 3044 factum
2004 2995 2090 3045 est
2117 3007 2348 3064 vespere
2370 2996 2429 3045 et
2449 3008 2618 3047 mane

1406 3066 1530 3124 dies
1594 3066 1889 3125 secundus.
1991 3064 2158 3122 Dixit
2223 3083 2356 3122 vero
2424 3067 2616 3137 Deus;

1409 3144 1841 3222 Congregentur
1907 3161 2068 3219 aquae
2129 3163 2256 3218 quse
2322 3144 2425 3200 sub
2480 3143 2619 3202 coelo

1408 3229 1560 3294 sunt,
1579 3223 1637 3278 in
1656 3222 1835 3279 locum
1856 3240 2051 3292 unum,
2074 3228 2132 3279 et
2151 3229 2420 3299 appareat
2440 3222 2617 3280 arida.

1411 3301 1759 3378 Factumque
1799 3307 1887 3358 est
1916 3299 2016 3356 ita.
2099 3299 2181 3358 Et
2205 3299 2425 3356 vocavit
2460 3299 2616 3358 Deus

1409 3379 1631 3436 aridam
1719 3378 1976 3448 Terram,
2042 3376 2615 3456 congregationesque

1409 3476 1679 3533 aquarum
1726 3454 2030 3535 appellavit
2070 3455 2276 3513 Maria.
2359 3455 2439 3513 Et
2474 3455 2618 3515 vidit

1411 3535 1569 3593 Deus
1621 3535 1772 3611 quod
1823 3541 1971 3593 esset
2023 3534 2253 3591 bonum.
2364 3535 2445 3593 Et
2497 3533 2613 3605 ait3

1416 3612 1720 3671 Germinet
1758 3620 1917 3672 terra
1957 3611 2194 3670 herbam
2235 3611 2512 3669 virentem
2556 3620 2617 3671 et

1410 3687 1710 3749 facientem
1732 3711 1944 3763 semen,
1968 3698 2028 3749 et
2044 3689 2260 3767 lignum
2277 3689 2617 3766 pomiferum

1411 3766 1619 3827 faciens
1670 3769 1917 3826 fructum
1977 3769 2147 3845 juxta
2196 3787 2373 3845 genus
2432 3787 2615 3838 sunm,

1412 3847 1570 3926 cujus
1622 3867 1815 3906 semen
1865 3847 1925 3904 in
1971 3846 2273 3924 semetipso
2326 3845 2402 3902 sit
2446 3865 2617 3924 super

1413 3932 1646 3983 terram.
1695 3925 1775 3983 Et
1797 3924 2007 3983 factum
2027 3933 2112 3982 est
2129 3925 2228 3981 ita.
2281 3922 2361 3983 Et
2378 3923 2616 4002 protulit

1416 4010 1569 4060 terra
1598 4002 1832 4061 herbam
1865 4003 2164 4073 virentem,
2192 4011 2252 4061 et
2278 4001 2615 4061 afferentem

1414 4099 1608 4140 semen
1645 4081 1811 4159 juxta
1847 4100 2024 4158 genus
2064 4100 2247 4154 suum,
2289 4079 2618 4160 lignumque

1414 4157 1626 4217 faciens
1651 4159 1896 4217 fructum
1926 4165 1986 4217 et
2012 4157 2224 4218 habens
2261 4160 2618 4236 unumquod-

1415 4259 1445 4298 θ
1480 4258 1557 4314 sic
1594 4259 1863 4326 Missalia3
1913 4260 2111 4315 rectius
2145 4267 2327 4316 autem
2366 4262 2622 4318 Processi·

1416 4331 1573 4384 onale
1595 4334 1931 4384 autenticum.

1418 4409 1442 4438 θ
1480 4417 1591 4453 non
1616 4401 1820 4454 habent
1844 4399 1929 4453 92.
1957 4399 2043 4454 94.
2071 4399 2157 4455 98.
2184 4401 2346 4455 Grad.

1419 4470 1440 4508 f
1474 4471 1608 4525 Gen.
1636 4487 1749 4540 cap.
1776 4470 1812 4523 i.
