2975 5009
123 207 253 273 493
337 225 512 276 nou.
548 227 646 276 xl.
681 225 855 276 Pos'r
889 226 1085 275 ram.

126 379 249 450 pisti
289 399 380 436 me
421 402 433 436 :
469 399 568 437 nec
604 381 881 437 delectanti
915 381 1166 437 inimicos
1197 399 1342 436 meos

127 467 282 522 super
311 470 455 534 ‘me3
512 454 760 524 Domine,
805 452 1036 508 clamavi
1076 453 1148 508 ad
1190 458 1245 508 te
1286 458 1343 508 et

129 529 328 576 sanasti
363 541 467 578 me.

210 592 456 653 Secreta.

203 673 357 746 Tibi,
411 672 680 745 Domine,
727 673 1006 731 sacrificia
1051 680 1080 710 ⁸
1105 673 1288 733 dicata
1313 686 1341 716 ⁸

131 750 493 823 reddantur3
536 770 664 829 quae
706 751 784 810 sic
824 752 896 810 ad
938 750 1212 810 honorem
1242 771 1343 810 no-

133 829 300 887 minis
322 829 413 887 tui
428 828 738 888 deferenda
764 828 1034 901 tribuisti,
1058 837 1122 887 ut
1143 831 1342 890 eadem

132 908 387 966 remedia
413 917 610 966 nostra
639 907 765 966 fieri
802 915 1123 986 praestares.
1207 909 1342 968 Per.

206 983 604 1044 Ommnunio.b

197 1062 430 1117 Honora
467 1062 763 1115 Dominum
800 1063 866 1117 de
902 1069 1000 1117 tua
1036 1062 1346 1117 substantia

133 1134 275 1187 etde
311 1133 572 1204 primitiis
602 1133 822 1203 frugum
859 1138 1079 1187 tuarum
1107 1153 1118 1186 z
1145 1139 1208 1187 ut
1244 1133 1344 1186 im-

133 1205 390 1274 pleantur
423 1204 615 1258 horrea
651 1210 748 1257 tua
781 1204 1068 1259 saturitate
1095 1223 1106 1256 :
1132 1209 1189 1258 et
1220 1205 1348 1262 vino

136 1274 426 1330 torcularia
446 1275 847 1330 redundabunt.

206 1346 694 1405 PostcommuniO.

213 1424 586 1495 QuaesumuS,
632 1422 882 1482 Domine
927 1424 1082 1484 Deus
1131 1433 1345 1496 noster,

133 1510 198 1561 ut
238 1523 381 1580 quos
422 1503 630 1561 divinis
671 1523 938 1581 reparare
980 1522 1094 1559 non
1134 1502 1347 1562 desinis

132 1581 522 1652 sacramentis,
552 1580 664 1639 tuis
693 1601 807 1638 non
834 1581 1110 1639 destituas
1149 1582 1349 1661 benig-

133 1679 241 1721 nus
267 1659 518 1718 auxiliis.
601 1659 718 1719 Per
745 1659 1075 1718 Dominum.

235 1855 457 1929 Feria
506 1867 789 1950 quarta.

214 1954 326 2012 Ad
357 1953 730 2012 Corinthios.⁶

212 2033 476 2103 Fratrem,
511 2030 763 2090 Nescitis
803 2030 1068 2108 quoniam
1109 2049 1206 2089 cor
1247 2050 1347 2090 ora

134 2121 329 2170 vestra
349 2112 610 2169 membra
627 2118 763 2168 sunt
784 2110 1036 2169 Christi?
1117 2109 1202 2168 'I'o
1245 2129 1345 2167 ens

134 2209 273 2269 ergo
299 2190 563 2248 membra
579 2187 816 2259 Christi,
844 2191 873 2230 ‘¹
889 2186 1090 2245 faciam
1109 2191 1138 2230 ‘¹
1166 2208 1346 2247 mem-

135 2270 240 2326 bra
267 2266 634 2326 meretricis?
715 2266 902 2324 Absit.
987 2267 1088 2324 An
1120 2267 1346 2325 nescitis

135 2346 407 2423 quoniam
437 2345 532 2422 qui
559 2344 817 2404 adhaeret
843 2344 1150 2416 meretrici,
1171 2365 1346 2401 unum

137 2444 345 2504 corpus
375 2423 652 2483 efficitur?
727 2424 916 2482 Erunt
944 2422 1115 2494 enim,
1145 2423 1348 2500 inquit,

138 2502 252 2561 duo
275 2504 337 2560 in
367 2522 537 2560 carne
558 2522 689 2559 una.
751 2501 862 2569 Qui
879 2509 1070 2558 autem
1091 2500 1351 2560 adhaeret

141 2582 281 2654 Deo,
299 2601 450 2638 unus
467 2580 700 2658 spiritus
721 2588 822 2638 est.
882 2578 1089 2657 Fugite
1111 2579 1350 2637 fornica-

138 2660 382 2719 tionem.
452 2658 639 2719 Omne
660 2658 811 2716 enim
840 2667 1151 2737 peecatum,
1169 2658 1350 2735 quod-

1622 232 1791 280 nom.
1828 231 1958 280 x11.
1995 231 2168 282 Posr
2203 232 2393 282 ram.
2528 214 2660 280 494

1454 407 1677 466 cunque
1695 387 1895 448 fecerit
1922 387 2111 461 hom0,
2133 397 2303 449 extra
2326 408 2527 467 corpus
2544 396 2658 447 est:

1453 468 1551 544 qui
1591 474 1783 526 autem
1811 466 2143 543 fornicatur,
2171 469 2231 526 in
2271 487 2471 545 corpus
2496 486 2659 525 suum

1447 552 1666 622 ⁴peccat.
1740 546 1842 603 An
1863 546 2092 604 nescitis
2112 546 2379 624 quoniam
2405 546 2663 604 membra

1454 632 1644 681 vestra
1679 623 1956 702 templum
1986 633 2011 663 θ
2027 633 2114 683 est
2131 633 2156 662 θ
2196 622 2440 702 Spiritus
2468 622 2662 682 Sancti

1454 701 1553 778 qui
1582 703 1643 758 in
1683 703 1839 761 vobis
1866 710 1971 774 est,
1998 723 2169 781 quem
2199 702 2418 760 habetis
2454 722 2489 759 a
2514 701 2661 772 Dec,

1456 787 1518 839 et
1570 799 1687 838 non
1740 779 1875 839 estis
1927 781 2136 840 vestri?
2250 781 2451 871 Empti
2506 778 2659 837 enim

1457 859 1592 917 estis
1645 859 1833 936 pretio
1886 878 2112 938 magn0.
2220 858 2548 917 Glorificate
2603 866 2664 917 et

1456 944 1685 1014 portate
1714 937 1903 996 Deum
1931 938 1993 995 in
2019 940 2040 979 ί
2056 957 2291 1015 corpore
2319 945 2526 997 vestro,

1536 1014 1857 1074 Secundum
1882 1015 2154 1073 Lucamzss

1540 1092 1615 1150 In
1643 1092 1742 1152 illo
1768 1102 2046 1173 tempore,
2075 1093 2317 1153 Dicebat
2351 1092 2395 1151 J
2397 1111 2523 1152 esus
2547 1092 2661 1150 dis·

1457 1169 1656 1248 cipulis
1695 1171 1809 1230 suis
1844 1171 2168 1250 parabolam
2195 1172 2359 1244 hanc,
2395 1171 2662 1248 quoniam

1459 1256 1686 1341 oportet
1710 1269 1937 1328 semper
1965 1270 2126 1310 orare
2155 1260 2216 1310 et
2242 1270 2356 1309 non
2396 1249 2662 1320 deficere,

1458 1327 1680 1399 dlcens;
1723 1328 1765 1386 J
1766 1328 1918 1386 udex
1937 1329 2168 1407 quidam
2189 1337 2313 1388 erat
2337 1329 2397 1386 in
2417 1328 2660 1406 quadam

1458 1405 1706 1476 civitate,
1753 1406 1851 1485 qui
1898 1407 2087 1466 Deum
2134 1426 2249 1464 non
2297 1408 2555 1477 timebat,
2604 1414 2665 1464 et

1459 1483 1751 1542 hominem
1805 1503 1919 1541 non
1972 1486 2360 1543 reverebatur.
2471 1484 2666 1542 Vidua

1459 1569 1653 1620 autem
1679 1563 1941 1638 quaedam
1969 1571 2093 1621 erat
2118 1563 2178 1619 in
2206 1563 2432 1621 civitate
2461 1561 2576 1633 illa,
2603 1570 2664 1621 et

1461 1640 1724 1698 veniebat
1750 1641 1823 1697 ad
1851 1660 1999 1712 eum,
2028 1640 2254 1699 dicens:
2299 1641 2547 1698 Vindica
2570 1660 2666 1699 me

1459 1719 1534 1777 de
1574 1718 1895 1777 adversario
1933 1738 2078 1778 meo·
2177 1720 2256 1779 Et
2295 1716 2522 1777 nolebat
2561 1738 2668 1797 per

1461 1795 1707 1856 multum
1754 1805 1997 1876 tempus.
2108 1798 2247 1856 Post
2299 1796 2422 1856 haec
2472 1803 2666 1854 autem

1459 1873 1611 1934 dixit
1637 1875 1790 1933 intra
1814 1895 1874 1934 se
1897 1898 1912 1935 ε
1957 1875 2081 1935 Etsi
2108 1876 2297 1934 Deum
2326 1895 2442 1932 non
2469 1875 2666 1947 timec,

1461 1972 1568 2011 nec
1608 1953 1897 2013 hominem
1939 1973 2241 2014 revereor:
2296 1962 2491 2012 tamen
2534 1953 2668 2030 quia

1461 2031 1699 2090 molesta
1724 2041 1813 2091 est
1840 2032 1983 2090 mihi
2010 2031 2131 2090 haec
2159 2032 2345 2102 vidua,
2374 2031 2667 2090 vindicabo

1456 2109 1632 2183 illam,
1663 2130 1734 2169 ne
1761 2110 1824 2168 in
1851 2111 2155 2170 novissimo
2180 2111 2413 2170 veniens
2438 2109 2669 2187 sugillet

1458 2208 1572 2246 me.
1673 2189 1782 2247 Ait
1828 2197 2023 2248 autem
2070 2189 2382 2259 Dominus;
2443 2187 2669 2247 Audite

1458 2265 1599 2343 quid
1638 2267 1822 2344 judex
1875 2267 2191 2346 iniquitatis
2243 2266 2394 2325 dixit
2422 2287 2439 2326 ι
2509 2267 2669 2326 Deus

1461 2352 1655 2403 autem
1683 2364 1797 2403 non
1824 2346 1992 2405 faciet
2019 2346 2328 2419 vindictam
2358 2343 2668 2404 electorum

1462 2442 1693 2482 suorum
1722 2423 2088 2482 clamantium
2109 2425 2181 2482 ad
2202 2444 2261 2483 se
2283 2424 2376 2483 die
2396 2443 2461 2481 ac
2482 2432 2667 2497 nocte,

1463 2511 1525 2559 et
1564 2501 1902 2578 patientiam
1930 2502 2163 2561 habebit
2198 2503 2257 2559 in
2287 2501 2443 2562 illis?
2524 2501 2670 2560 Dico

1462 2577 1489 2610 ¹²
1510 2587 1702 2637 autem
1724 2578 1751 2610 ¹¹
1779 2581 1934 2638 vobis
1967 2580 2100 2659 quia
2125 2579 2238 2640 cito
2262 2578 2430 2640 faciet
2455 2579 2669 2639 vindic-

1461 2664 1584 2715 tam
1611 2655 1862 2715 illorum.

583 2909 977 2984 Dominica
1043 2910 1492 2983 Duodecim
1556 2920 1712 3005 post
1785 2909 2226 2981 Trinitatem.

185 3157 193 3162 ,
221 3093 330 3152 Ad
358 3092 632 3151 Missam.
719 3093 1022 3170 Officium.1

222 3173 406 3244 Deus,
428 3173 487 3228 in
507 3172 850 3250 adjutorium
875 3192 1064 3231 meum
1086 3170 1352 3232 intende:

134 3250 421 3321 Domine,
450 3251 523 3308 ad
563 3251 939 3329 adjuvandum
982 3271 1074 3310 me
1112 3249 1353 3309 festina:

132 3328 569 3388 confundantur
615 3337 675 3388 et
721 3339 1090 3387 revereantur
1140 3328 1352 3386 inimici

131 3408 266 3467 mei
292 3407 392 3486 qui
420 3414 688 3484 quaerunt
713 3408 963 3465 animam
994 3427 1198 3464 meam.

225 3482 542 3544 Psalmus)

217 3563 563 3618 Avertantur
595 3565 885 3616 retrorsum
919 3566 975 3615 et
1009 3561 1356 3616 erubescant:

127 3633 245 3705 qui
270 3633 467 3687 volunt
491 3632 628 3685 mihi
650 3632 811 3687 mala.

234 3704 462 3763 Oratio,

231 3781 618 3860 Omnipotens
656 3779 1002 3859 sempiterne
1050 3780 1224 3853 Deus,
1264 3779 1362 3856 qui

125 3861 504 3922 abundantia
528 3859 758 3936 pietatis
784 3867 901 3918 tuae
921 3867 981 3917 et
1008 3859 1213 3918 merita
1231 3877 1361 3935 sup-

121 4065 158 4095 *
204 4050 629 4109 dicanda—94.
656 4050 743 4106 97.

122 4128 160 4167 b
210 4123 472 4178 Proverb.
498 4139 611 4193 cap.
640 4121 716 4175 iii.
745 4121 818 4244 ἓξ,
849 4120 959 4193 10.)

122 4211 155 4239 c
208 4195 247 4248 1
272 4194 345 4249 ad
369 4193 487 4247 Cor.
514 4210 628 4264 cap.
655 4192 725 4247 vi.
805 4233 818 4246 .
848 4193 920 4263 (v.
951 4190 1167 4263 15-20.)

119 4270 160 4309 d
207 4262 558 4319 facies—13.
589 4262 672 4316 15.
744 4261 1120 4318 faciens—57.

120 4351 157 4381 Θ
204 4333 526 4392 sunt—97.
553 4333 639 4387 26.
665 4332 734 4387 V.

115 4413 145 4451 1
205 4405 468 4462 cordibus
490 4402 855 4461 vestris—92.
882 4402 967 4457 98.

1466 3091 1676 3171 plicum
1717 3090 1942 3150 excedis
1969 3100 2029 3150 et
2055 3099 2202 3162 vota,
2232 3089 2462 3150 effunde
2501 3113 2671 3173 super

1467 3191 1570 3230 nos
1610 3170 2051 3230 misericordiam
2090 3178 2266 3241 tuam,
2306 3178 2372 3228 ut
2418 3170 2672 3230 dimittas

1467 3270 1596 3328 quae
1649 3249 1990 3308 conscientia
2042 3248 2264 3318 metuit,
2319 3256 2377 3306 et
2442 3249 2672 3327 adjicias

1468 3329 1618 3407 quod
1646 3329 1827 3387 oratio
1854 3348 1967 3386 non
1994 3326 2305 3406 praesumit.
2407 3325 2523 3385 Per
2551 3329 2671 3386 Do·

1469 3427 1708 3464 minum.

1549 3485 1652 3542 Ad
1683 3482 2050 3543 Corinthios}

1551 3564 1805 3635 FratreS,
1849 3561 2141 3620 Fiduciam
2182 3561 2356 3622 talem
2398 3562 2673 3623 habemus

1471 3661 1577 3720 per
1615 3641 1905 3701 Christum
1947 3640 2020 3698 ad
2064 3641 2296 3702 Deum:
2360 3662 2473 3700 non
2523 3643 2673 3721 quod

1473 3719 1817 3778 sufficientes
1862 3719 2036 3777 simus
2089 3720 2334 3798 cogitare
2376 3720 2588 3798 aliquid
2640 3740 2676 3777 a

1475 3799 1659 3869 nobiS,
1688 3798 1844 3874 quasi
1872 3817 1946 3855 ex
1974 3798 2133 3855 nobis
2156 3820 2170 3858 ε
2213 3799 2313 3857 sed
2339 3799 2678 3857 sufficientia

1475 3885 1672 3935 nostra
1697 3896 1771 3936 ex
1796 3876 1923 3934 Deo
1949 3884 2068 3935 est:
2110 3877 2205 3954 qui
2232 3885 2292 3936 et
2317 3875 2547 3937 idoneos
2572 3896 2675 3935 nos

1475 4057 1506 4096 s
1540 4064 1652 4117 cap.
1678 4045 1831 4100 xviii.
1859 4047 1929 4098 A.
1957 4048 2029 4116 (v.
2058 4047 2175 4101 1-8.

1474 4117 1506 4156 ¹²
1542 4135 1652 4171 non
1679 4118 1882 4171 habent
1904 4115 1989 4169 92.
2018 4114 2102 4169 98.
2129 4117 2165 4169 4
2216 4159 2227 4172 .
2254 4117 2338 4173 57.
2366 4119 2433 4174 V.

1475 4188 1493 4226 ἱ
1542 4188 1629 4271 ΡΒ.
1656 4187 1787 4240 lxix.
1815 4186 1948 4257 (lxx.
1978 4185 2025 4255 l,
2051 4186 2128 4256 2.)
2289 4216 2297 4226 ·

1479 4330 1512 4369 ιι
1542 4257 1817 4384 ῗᾷὃνὸὲὲ).
1841 4344 1953 4400 cap.
1979 4326 2057 4382 iii.
2084 4325 2146 4380 B.
2175 4326 2246 4399 (v.
2272 4325 2421 4400 4-9.)
