2975 5009
345 250 475 315 495
612 268 778 317 nou.
816 267 946 316 x11.
981 265 1153 317 ros‘r
1187 269 1384 317 vrum.

344 421 482 482 fecit
528 424 821 483 ministros
863 426 991 483 novi
1038 427 1391 496 testamenti,
1444 445 1559 483 non

344 499 539 560 littera
554 504 653 561 sed
672 503 921 582 Spiritu:
949 502 1144 563 littera
1161 505 1316 563 enim
1336 505 1558 574 occidit,

346 580 596 658 Spiritus
658 590 850 641 autem
904 581 1172 641 vivificat.
1283 582 1454 650 Quod
1510 584 1557 640 si

345 659 689 718 ministratio
711 661 911 719 mortis
931 659 1140 719 litteris
1159 659 1475 719 deformata
1495 660 1556 718 in

343 734 643 815 lapidibus,
683 737 793 797 fuit
835 740 897 796 in
982 738 1157 810 loria3
1207 739 1291 797 ita
1334 747 1400 798 ut
1440 760 1556 798 non

448 823 579 874 sent
605 817 903 875 intendere
925 818 963 873 fi
991 818 1031 873 ii
1056 815 1238 876 Israel
1264 818 1324 875 in
1353 817 1553 876 faciem

416 894 556 970 oysi,
609 904 846 973 propter
897 895 1138 973 gloriam
1192 895 1379 954 vultus
1432 898 1556 974 ejus

344 990 470 1048 quse
511 983 845 1032 evacuatur:
902 975 1185 1050 quomodo
1225 994 1338 1032 non
1373 977 1555 1053 magis

345 1050 691 1108 ministratio
746 1051 993 1130 Spiritus
1040 1053 1154 1110 erit
1208 1053 1269 1109 in
1322 1051 1551 1130 gloria?

343 1127 503 1185 Nam
531 1129 578 1185 si
607 1129 950 1188 ministratio
975 1130 1356 1188 damnationis
1395 1138 1424 1168 ⁸
1443 1131 1502 1188 in
1524 1140 1553 1170 ⁸

342 1205 523 1284 gloria
542 1216 627 1265 est
646 1228 661 1266 ι
691 1207 872 1266 multo
888 1209 1067 1286 magis
1082 1210 1335 1267 abundat
1355 1209 1552 1267 minis-

344 1283 552 1343 terium
574 1284 818 1360 justitiae
845 1288 904 1343 in
933 1286 1129 1366 gloria.

426 1360 732 1420 Gradale.b

414 1438 739 1495 Beuedicam
782 1441 1077 1495 Dominum
1116 1441 1176 1494 in
1220 1441 1371 1496 omni
1419 1446 1552 1496 tem·

342 1527 471 1581 pore
497 1530 509 1563 ε
535 1528 743 1582 semper
766 1512 885 1566 laus
908 1513 1028 1583 ejus
1051 1513 1110 1565 in
1135 1530 1225 1566 ore
1250 1530 1385 1567 meo,

360 1582 413 1634 V.
489 1580 559 1634 In
586 1582 817 1637 Domino
840 1582 1155 1638 laudabitur
1181 1584 1369 1638 anima
1391 1600 1514 1637 mea
1541 1602 1552 1635 ε

340 1651 572 1705 audiant
595 1654 866 1709 mansueti
890 1659 946 1708 et
971 1654 1241 1709 laetentur.

413 1722 687 1795 Alleluya.
740 1724 800 1778 V.
865 1724 1077 1793 Venite,
1100 1724 1430 1779 exsultemus
1448 1723 1553 1777 Do-

342 1792 491 1846 mino
518 1813 529 1845 :
547 1793 849 1864 jubilemus
873 1795 985 1850 Deo
1008 1795 1232 1850 salutari
1259 1800 1454 1849 nostro.

418 1863 602 1922 Alius
645 1863 868 1924 Versus.

413 1941 852 2014 Praeoccupemus
868 1942 1057 1997 faciem
1078 1943 1196 2014 ejus
1218 1944 1280 1996 in
1304 1942 1552 1997 confessi-

339 2026 441 2066 one
468 2032 479 2064 :
507 2018 562 2066 et
585 2013 645 2066 in
671 2014 893 2083 psalmis
909 2013 1212 2085 jubilemus
1235 2015 1301 2067 ei.

419 2082 536 2140 Isti
578 2085 690 2142 duo
737 2085 934 2142 Versus
974 2087 1245 2142 dicuntur
1288 2105 1390 2162 per
1428 2084 1551 2142 heb-

339 2161 645 2218 domadam
683 2162 917 2220 alteruis
943 2164 1157 2219 vicibus
1183 2177 1208 2206 ⁶
1228 2162 1454 2238 quando
1481 2162 1550 2221 de

322 2238 486 2313 feria
514 2241 707 2314 aqitur
725 2262 746 2298 .·
766 2253 790 2282 ⁰
829 2242 915 2296 ita
944 2248 1130 2297 tamen
1168 2240 1317 2316 quod
1352 2241 1551 2298 Versus

338 2315 780 2387 Praeoecupemus
804 2316 833 2353 ‘¹
841 2318 1015 2394 prius
1032 2322 1059 2360 <¹
1088 2318 1303 2376 dicitur
1323 2319 1551 2394 quando

340 2404 366 2434 θ
387 2397 562 2453 missa
603 2395 967 2453 dominicalis
998 2417 1108 2473 per
1145 2397 1551 2454 hebdomadam

338 2474 601 2531 dicitur.e
680 2473 762 2531 Ec
800 2476 858 2531 si
881 2475 1045 2532 nulla
1066 2473 1230 2551 feria
1262 2496 1370 2551 per
1402 2474 1550 2533 hanc

339 2552 744 2610 hebdomadam
792 2553 871 2610 ad
915 2554 1015 2611 hoc
1067 2554 1369 2626 vacaverit,
1415 2561 1548 2611 tunc

339 2630 575 2688 ultimus
612 2631 809 2689 Versus
840 2652 901 2689 eo
942 2652 1092 2690 anno
1132 2632 1363 2690 omnino
1395 2652 1545 2709 prae-

341 2710 701 2767 termittatur.

415 2787 737 2848 Secundum
765 2786 850 2844 M
844 2790 1081 2845 art-cum.f

423 2865 497 2923 In
541 2865 640 2924 illo
681 2873 960 2943 tempore,
1003 2866 1221 2924 Exiens
1262 2866 1432 2925 Jesus
1470 2865 1543 2924 de

340 2944 549 3003 finibus
592 2944 751 3019 Tyri,
807 2944 964 3002 venit
1008 2964 1114 3022 per
1157 2944 1425 3004 Sidonem
1470 2945 1544 3002 ad

339 3042 498 3081 mare
530 3022 784 3081 Galilaeae
824 3023 978 3081 inter
1013 3022 1227 3081 medios
1254 3022 1398 3081 fines
1425 3021 1542 3081 De-

338 3101 609 3181 capoleos.
692 3102 770 3160 Et
809 3100 1094 3159 adducunt
1134 3101 1187 3159 ei
1222 3101 1455 3159 surdum
1483 3110 1545 3160 et

340 3188 561 3237 mutum
591 3186 651 3237 et
676 3179 1125 3259 deprecabantur
1164 3200 1314 3251 eum,
1343 3188 1407 3237 ut
1432 3180 1543 3237 im-

339 3265 517 3335 ponat
542 3255 625 3315 illi
651 3278 903 3315 manum.
986 3257 1065 3316 Et
1102 3257 1541 3337 apprehendens

340 3355 469 3394 eum
512 3335 585 3394 de
624 3339 795 3395 turba.
831 3356 1101 3408 seorsum,
1145 3337 1302 3395 misit
1332 3336 1541 3416 digitos

339 3433 465 3471 suos
513 3414 574 3470 in
619 3414 889 3473 auriculas
936 3415 1100 3491 ejus:
1150 3421 1209 3472 et
1261 3433 1541 3492 exspuens

338 3491 531 3571 tetigit
557 3490 807 3570 linguam
835 3492 992 3570 ejus:
1038 3501 1097 3549 et
1136 3492 1439 3568 suspiciens
1478 3493 1542 3549 in

337 3570 540 3629 coelum
586 3570 881 3648 ingemuit,
923 3577 982 3627 et
1026 3568 1108 3625 ait
1148 3568 1275 3641 illi;
1325 3570 1539 3643 Effeta,

339 3649 488 3726 quod
515 3656 622 3720 est,
647 3647 961 3726 adaperire.
1043 3644 1123 3704 Et
1148 3647 1341 3705 statim
1374 3669 1540 3727 aper·

338 3736 415 3786 tae
459 3734 595 3786 sunt
639 3746 802 3785 aures
845 3725 985 3802 ejuS,
1039 3732 1100 3782 et
1154 3724 1399 3784 solutum
1452 3734 1540 3786 est

339 3805 623 3865 vinculum
671 3802 881 3883 linguae
922 3802 1063 3880 ejus,
1103 3809 1163 3860 et
1204 3801 1540 3881 loquebatur

338 3893 510 3943 recte.
591 3882 670 3941 Et
709 3880 980 3959 praecepit
1020 3878 1129 3939 illis
1169 3902 1241 3940 ne
1269 3882 1358 3939 cui
1385 3882 1539 3942 dice·

338 3971 486 4020 rent.
569 3960 797 4027 Quanto
828 3968 1019 4016 autem
1047 3958 1125 4016 eis
1153 3961 1539 4039 praecipiebat,

336 4118 364 4147 3
399 4126 509 4162 non
536 4106 740 4161 habent
764 4104 848 4159 92.
877 4103 961 4159 98.
990 4105 1073 4159 57.
1102 4105 1167 4159 V.

334 4181 363 4219 b
402 4180 487 4233 Ps.
506 4177 693 4231 xxxiii.
711 4176 914 4248 (xxxiv.
935 4175 982 4246 1,
1001 4176 1075 4249 2.)
1092 4177 1226 4232 xciv.
1247 4177 1381 4249 (xcv.
1403 4178 1540 4250 1,2.)

337 4261 362 4289 0
402 4267 510 4332 non
535 4248 737 4302 habent
762 4248 845 4302 92.
874 4246 959 4301 98.
986 4246 1082 4302 4L.
1114 4248 1196 4302 15.
1226 4248 1310 4303 57.
1339 4248 1501 4303 Grad.

336 4317 1408 4461 2saffigaffifl¹⁴s⁵s⁷ffifaa
1450 4390 1534 4444 ⁵⁷.

337 4460 497 4514 Grad.

1671 269 1837 317 ΗΕΒ.
1872 269 2046 319 Pos‘r
2072 268 2140 316 D.
2168 268 2496 319 x11.ros¹r
2520 269 2713 318 Tam.
2740 254 2843 318 496

1670 434 1832 485 tanto
1861 429 2038 505 magis
2075 426 2203 517 plus
2243 426 2634 505 praedicabant
2654 449 2687 486 :-
2709 433 2760 484 et
2791 445 2844 484 eo

1667 504 1910 583 amplius
1936 507 2382 577 admirabantur,
2403 506 2685 576 dicentes;
2713 504 2843 563 Bene

1668 583 1861 641 omnia
1886 583 2059 644 fecit:
2103 593 2162 643 et
2202 586 2400 644 surdos
2428 583 2566 644 fecit
2593 583 2774 642 audire
2797 590 2845 641 et

1667 669 1857 720 mutos
1882 660 2054 740 loqui.

1751 739 2169 815 offertorium.8

1738 816 1994 871 Precatus
2017 824 2100 873 est
2124 816 2338 889 Moyses
2364 816 2426 871 in
2449 821 2730 888 conspectu
2758 813 2841 868 Do-

1666 887 1806 940 mini
1854 888 1954 942 Dei
2001 889 2088 942 sui
2145 893 2200 942 et
2247 888 2388 942 dixit
2440 907 2452 942 ε
2504 894 2741 959 precatus
2779 890 2844 939 est

1665 956 1880 1030 Moyses
1933 958 1992 1012 in
2040 964 2328 1030 conspectu
2380 958 2603 1013 Domini
2653 957 2741 1011 Dei
2776 956 2844 1009 sui

1665 1033 1721 1082 et
1763 1029 1906 1083 dixit
1955 1050 1967 1083 :
2013 1046 2192 1099 quare,
2233 1029 2479 1099 Domine,
2533 1029 2761 1084 irasceris
2795 1027 2842 1078 in

1664 1100 1865 1170 populo
1912 1105 2010 1154 tuo
2061 1121 2073 1153 ε
2123 1117 2279 1171 parce
2325 1100 2423 1154 irae
2471 1101 2676 1155 animae
2718 1106 2842 1153 tuae:

1664 1176 1941 1225 memento
2000 1171 2297 1239 Abraham,
2350 1169 2505 1224 Isaac
2552 1177 2609 1225 et
2666 1168 2843 1224 Jacob:

1663 1240 1863 1310 quibus
1888 1241 2087 1313 jurasti
2124 1242 2252 1295 dare
2276 1248 2474 1295 terram
2513 1241 2759 1295 fluentem
2780 1237 2846 1292 lac

1663 1317 1718 1364 et
1742 1312 1851 1365 mel
1878 1332 1889 1364 ε
1916 1317 1971 1367 et
2007 1313 2253 1382 placatus
2284 1312 2458 1365 factus
2495 1318 2579 1365 est
2615 1311 2844 1366 Dominus

1662 1382 1730 1436 de
1754 1383 2097 1454 malignitate
2121 1400 2285 1453 quam
2307 1382 2450 1436 dixit
2473 1383 2649 1437 facere
2681 1385 2844 1455 populo

1663 1469 1779 1506 suo.

1747 1524 1989 1583 Secreta.

1747 1601 2006 1681 Respice,
2051 1622 2392 1680 quaesumus,
2440 1603 2705 1676 Domine,
2740 1624 2839 1663 nos-

1663 1687 1814 1737 tram
1860 1682 2141 1762 propitius
2186 1682 2565 1742 servitutem:
2620 1691 2685 1741 ut
2717 1684 2839 1762 quod

1663 1757 1958 1818 offerimus
2010 1761 2086 1818 sit
2138 1760 2244 1817 tibi
2298 1780 2507 1818 munus
2559 1771 2837 1841 acceptum,

1662 1836 1848 1914 sitque
1903 1847 2114 1895 nostrae
2179 1837 2479 1916 fragilitati
2544 1841 2837 1899 subsidium.

1665 1914 1781 1975 Per
1807 1916 2141 1974 Dominum.

1748 1992 2137 2052 (λόἰτιίηἰιἠφῖο.11

1734 2070 1815 2124 De
1860 2070 2040 2124 fructu
2079 2086 2302 2142 operum
2340 2075 2581 2142 tuorum,
2627 2072 2840 2141 Domine,

1660 2140 1947 2195 satiabitur
1987 2147 2133 2196 terra
2171 2162 2182 2194 ε
2222 2147 2288 2194 ut
2327 2142 2526 2196 educas
2568 2161 2755 2215 panem
2791 2144 2845 2198 de

1660 2217 1819 2279 terra,
1845 2217 1902 2265 et
1927 2211 2117 2266 vinum
2136 2212 2375 2267 laetificet
2397 2230 2489 2267 cor
2506 2213 2760 2281 hominis;
2792 2222 2844 2267 ut

1660 2282 1926 2337 exhilaret
1966 2283 2155 2342 faciem
2200 2283 2260 2336 in
2303 2283 2433 2353 oleo,
2487 2291 2545 2339 et
2585 2286 2735 2357 panis
2770 2302 2843 2340 cor

1660 2353 1900 2409 hominis
1931 2354 2228 2408 confirmet.

1741 2422 2216 2483 PostcommuniO.

1741 2503 2083 2576 Sentiamus,
2122 2503 2388 2576 Domine,
2415 2524 2748 2582 quaesumus,
2772 2506 2843 2563 tui

1658 2582 2021 2661 perceptione
2035 2583 2370 2641 sacramenti
2386 2584 2694 2642 subsidium
2706 2604 2844 2642 men-

1655 2658 1731 2717 tis
1758 2669 1819 2718 et
1845 2660 2128 2740 corporis;
2182 2668 2248 2719 ut
2272 2660 2335 2718 in
2376 2670 2621 2741 utroque
2646 2663 2841 2733 salvati,

1655 2735 1894 2797 coelestis
1910 2738 2148 2798 remedii
2166 2737 2524 2817 plenitudine
2537 2741 2839 2821 gloriemur.

1661 2814 1794 2875 Per.

1756 2998 1973 3071 Feria
2021 3012 2301 3094 quarta.

1734 3096 1843 3153 Ad
1872 3095 2238 3157 ooo-immas

1734 3174 1986 3247 FratreS,
2033 3175 2174 3234 Non
2222 3178 2598 3256 nosmetipsos
2649 3176 2837 3257 praedi·

1652 3272 1860 3326 camus,
1891 3255 1990 3313 sed
2027 3255 2344 3313 Dominum
2371 3266 2631 3315 nostrum
2658 3257 2836 3316 Jemm

1650 3330 1977 3391 Christum:
2032 3353 2135 3391 nos
2174 3342 2365 3393 autem
2409 3355 2602 3395 servos
2642 3345 2836 3395 vestroe

1652 3429 1756 3487 per
1791 3410 2033 3469 Jesum:
2087 3414 2353 3488 quoniam
2386 3412 2548 3472 Deus
2585 3415 2680 3493 qui
2706 3411 2838 3472 dixit

1652 3487 1725 3546 de
1751 3489 2003 3547 tenebris
2027 3487 2210 3548 lucem
2235 3490 2649 3569 splendescere,
2669 3490 2838 3551 illuxit

1650 3567 1712 3624 in
1739 3567 1998 3626 cordibus
2024 3569 2234 3627 nostris
2267 3569 2341 3627 ad
2379 3568 2835 3630 illuminationem
2922 3605 2923 3608 =

1650 3644 1900 3704 scientiae
1954 3645 2223 3705 claritatis
2275 3647 2409 3719 Dei,
2452 3649 2514 3706 in
2559 3654 2579 3701 J
2609 3649 2793 3709 faciem
2820 3649 2836 3696 i

1649 3722 1866 3782 Christi
1887 3723 1933 3782 J
1934 3744 2050 3782 esu.
2103 3724 2402 3783 Habemus
2417 3738 2610 3786 autem
2629 3728 2835 3788 thesau-

1650 3821 1778 3858 rum
1806 3801 1976 3861 istum
1999 3802 2060 3859 in
2081 3804 2226 3862 vasis
2247 3803 2520 3864 fictilibus
2543 3828 2558 3866 t
2593 3815 2660 3867 ut
2681 3803 2836 3866 subli-

1650 3880 1821 3939 mitas
1845 3881 1923 3939 sit
1949 3880 2177 3940 virtutis
2205 3881 2332 3954 Dei,
2361 3892 2423 3942 et
2441 3904 2556 3942 non
2579 3905 2653 3944 ex
2673 3882 2837 3942 nobis.
2918 3933 2919 3936 ,

1649 3958 1723 4015 In
1741 3959 1998 4017 omnibus
2017 3959 2445 4020 tribulationem
2466 3964 2729 4040 patimur,
2751 3958 2837 4019 sed

1649 4104 1671 4141 f
1713 4111 1826 4176 ca'p.
1857 4104 1943 4160 vii.
1970 4105 2034 4159 D.
2063 4106 2134 4178 (v.
2163 4106 2379 4180 31-37.)

1649 4184 1677 4222 8
1713 4175 1884 4230 Exodi
1909 4193 1972 4231 ca
2011 4218 2022 4230 .
2049 4178 2218 4231 xxxii.
2246 4178 2490 4250 (ll-14.)

1649 4245 1676 4283 ¹¹
1716 4246 1801 4300 Ps.
1829 4246 1936 4301 ciii.
1986 4247 2085 4301 civ.
2116 4247 2197 4317 13,
2228 4248 2338 4318 15.)

1646 4316 1661 4352 ἰ
1708 4317 1744 4369 2
1765 4317 1833 4371 ad
1860 4317 1978 4371 Gor.
2004 4335 2117 4390 cap.
2144 4318 2213 4374 iv.
2242 4318 2304 4372 B.
2332 4319 2404 4389 (v.
2432 4319 2613 4393 5-11.)

1639 4386 1657 4432 i
1707 4386 1783 4442 sic
1806 4387 1892 4441 26.
1921 4387 2010 4443 Suc.
2086 4389 2440 4444 facie.—55P.
2469 4390 2534 4446 V.
