2975 5009
320 258 452 323 459
541 273 622 322 m
655 272 875 322 πετο
904 271 1260 322 conroius
1292 273 1438 322 xri.

321 444 433 553 ἷιιο,
468 434 526 484 et
557 444 669 483 non
710 428 957 501 polluent
992 444 1192 484 nomen
1230 428 1279 499 ej
1287 446 1361 500 us,
1397 428 1528 484 alle-

347 517 385 552 u
423 517 473 554 a.

384 517 647 630 ySecreta.

401 649 667 709 Ecclesiae
711 655 845 720 tuae,
888 666 1225 725 quaesumuS,
1260 649 1527 722 Domine,

321 729 558 787 unitatis
594 736 654 787 et
696 727 850 805 pacis
890 746 997 805 pro
1038 726 1173 784 itius
1207 726 1357 785 dona
1395 747 1527 785 con-

321 808 480 879 cede,
557 824 688 883 quae
762 807 865 864 sub
932 805 1003 863 ob
1060 804 1134 863 tis
1200 806 1529 865 muneribus

322 885 561 963 mystice
587 883 979 961 designantur.
1060 881 1193 941 Per.
1495 953 1500 957 ⁸

401 960 702 1038 Proefatio.
780 960 933 1026 Quia
1000 980 1064 1018 er
1093 960 1407 1020 Incarnati.

415 1042 560 1100 Haec
609 1038 888 1115 Proesatio
939 980 1157 1096 dicitw
1217 1060 1321 1115 per
1385 1046 1528 1097 totas

325 1119 563 1180 octavas
591 1115 1527 1194 quandode*()ctavis*fltser-

320 1199 547 1267 vitiam,
575 1204 628 1254 et
651 1196 720 1253 in
745 1195 1261 1254 commemoratione
1280 1196 1528 1272 ejusdem

311 1297 422 1354 per
452 1283 628 1333 totum
654 1293 888 1330 annam.

404 1352 791 1414 Communia*

405 1430 838 1498 Quotiescunque
885 1426 1282 1482 manducabitis
1438 1445 1525 1483 em

318 1501 467 1556 hunc
484 1506 541 1555 et
557 1499 773 1555 calicem
793 1496 989 1553 bibetis
1014 1516 1027 1550 ε
1053 1505 1281 1552 mortem
1388 1499 1527 1553 mini

316 1570 721 1628 annunciabitis
754 1569 924 1623 donec
947 1568 1131 1624 veniat
1158 1589 1169 1623 ε
1195 1569 1378 1641 itaque
1407 1570 1526 1641 qui-

1853 274 2024 325 non.
2057 274 2106 323 1.
2138 275 2312 326 rosa·
2344 277 2613 327 ‘rium-r.
2722 263 2838 327 460

1646 445 1861 500 cunque
1884 431 2293 486 manducaverit
2325 448 2526 503 panem
2550 431 2633 487 vel
2663 434 2839 487 biberit

1646 499 1866 556 calicem
1903 502 2121 555 Domini
2161 502 2386 572 indigne
2414 522 2426 554 ε
2450 520 2577 556 reus
2610 503 2709 557 erit
2738 521 2836 558 eor·

1645 572 1790 642 poris
1813 580 1869 626 et
1890 572 2172 643 sanguinis
2198 573 2435 644 Domini,
2461 573 2710 645 alleluya.

1726 642 2205 702 Postcommunio.

1725 720 1777 779 F
1778 742 1843 780 ac
1859 741 1981 793 nos,
1998 739 2342 800 quaesumuS,
2360 722 2630 795 Domine,
2650 723 2832 782 divini·

1644 801 1782 857 tatis
1807 808 1923 860 tuae
1949 802 2302 879 sempiterna
2327 801 2599 860 fruitione
2625 802 2830 880 repleri,

1644 897 1813 955 quam
1840 879 2074 958 pretiosi
2091 880 2340 958 corporis
2361 888 2423 939 et
2448 882 2732 959 sanguinis
2756 882 2827 939 tui

1644 956 1972 1048 temporalis
1997 959 2289 1037 perceptio
2315 958 2675 1037 praefigurat.
2728 959 2827 1028 Qui

1644 1054 1804 1092 vivis.

1745 1111 1866 1172 Per
1929 1121 2106 1172 totam
2169 1112 2582 1172 hebdomadam
2640 1114 2831 1172 dicitur

1644 1190 1839 1249 eadem
1878 1191 2072 1261 missa,
2105 1190 2391 1268 †qwando
2417 1193 2487 1250 de
2528 1191 2750 1251 Octavis
2765 1195 2829 1269 fit

1642 1269 1954 1343 servitium,
1976 1270 2072 1328 sed
2096 1270 2217 1327 sine
2236 1270 2546 1346 Sequentia
2570 1280 2623 1329 et
2645 1272 2827 1332 Credo.

1656 1345 1775 1404 Ubi
1786 1349 1947 1424 fiant
1976 1348 2197 1406 Octavoe
2223 1369 2353 1405 cum
2377 1350 2657 1425 reyimine
2674 1350 2829 1420 chori,

1642 1423 1861 1483 dicitur
1910 1425 2215 1503 Sequentia
2266 1425 2412 1485 Ecce
2465 1429 2633 1505 panis
2677 1449 2826 1506 ange·

1641 1500 1826 1560 lorum
1846 1505 2212 1581 quotidieper
2229 1503 2472 1562 octavas
2488 1514 2541 1563 et
2555 1506 2625 1565 in
2643 1505 2829 1565 Octava

1641 1579 1754 1653 die,
1782 1583 2008 1659 quando
2048 1582 2116 1640 de
2146 1581 2373 1642 Octavis
2385 1584 2466 1659 fit
2492 1585 2726 1664 missa.†

567 1764 957 1842 Dominioa
1000 1766 1263 1860 prima
1303 1779 1470 1864 post
1527 1770 1806 1844 Festum
1858 1771 2139 1846 Sanctoe
2202 1773 2602 1848 Trinitatis.

402 1952 513 2011 Ad
537 1952 803 2012 Missam.
888 1948 1200 2024 Officium.¹'

392 2031 658 2102 Domine,
677 2030 738 2088 in
754 2039 853 2087 tua
869 2027 1255 2086 misericordia
1269 2031 1516 2108 speravi:

315 2110 623 2169 exsultavit
661 2128 758 2166 cor
789 2126 980 2163 meum
1020 2105 1082 2160 in
1109 2106 1342 2164 salutari
1382 2117 1516 2168 tuo:

311 2191 552 2248 cantabo
572 2187 822 2245 Domino
838 2183 934 2260 qui
955 2184 1104 2240 bona
1122 2185 1326 2244 tribuit
1352 2187 1515 2246 mihi.

396 2266 710 2325 Psalmus.⁶

383 2342 688 2413 Usquequo,
715 2336 958 2405 Domine,
985 2332 1310 2394 oblivisceris
1344 2356 1431 2395 me
1453 2341 1516 2396 in

308 2414 475 2468 finem
513 2433 543 2520 ἒ
567 2427 841 2482 usquequo
881 2408 1082 2464 avertis
1122 2411 1316 2466 faciem
1360 2418 1514 2466 tuam

308 2503 343 2540 a
367 2501 454 2538 me
470 2485 495 2537 ’Β

393 2554 616 2615 Oratio·

388 2636 563 2705 Deus,
604 2633 666 2689 in
706 2639 765 2690 te
812 2633 1164 2709 sperantium
1216 2629 1510 2703 fortitudo,

308 2713 505 2772 adesto
521 2710 798 2790 propitius
816 2709 1260 2771 invocationibus
1275 2711 1510 2784 nostris3

309 2802 371 2850 et
405 2792 537 2869 quia
571 2790 693 2849 sine
731 2800 792 2848 te
831 2789 978 2847 nihil
1023 2797 1211 2868 potest
1255 2788 1513 2847 mortalis

307 2870 636 2941 infirmitas,
698 2877 908 2947 praesta
964 2867 1239 2926 auxilium
1305 2867 1509 2944 gratiae

307 2957 443 3022 tuoe,
472 2956 538 3007 ut
577 2948 636 3004 in
665 2947 1040 3024 exsequendis
1066 2944 1348 3004 mandatis
1374 2946 1508 3016 tuiS,

307 3035 368 3087 et
392 3026 683 3095 voluntate
709 3025 815 3084 tibi
843 3033 902 3084 et
926 3026 1146 3084 actione
1172 3023 1508 3101 placeamus.

310 3106 427 3164 Per
453 3105 783 3164 Dominum.

388 3183 683 3242 Memoria
709 3183 777 3241 de
807 3181 1090 3240 Trinitate
1114 3181 1230 3256 fiat
1254 3178 1511 3238 omnibus

309 3262 635 3321 Dominicis
676 3281 846 3337 usqae
888 3260 967 3317 ad
1012 3260 1337 3317 Adventum
1383 3254 1509 3314 Do-

307 3341 476 3411 mini,
519 3340 640 3399 nisi
680 3339 905 3416 quando
951 3340 1153 3415 aliqua
1197 3336 1511 3395 Dominica

307 3419 538 3477 omnino
563 3418 878 3494 differatur.

386 3496 728 3556 Notandum
753 3503 830 3552 est
865 3493 1013 3570 quod
1051 3490 1276 3568 quando
1301 3490 1510 3568 dupleoe

290 3573 504 3653 festum
520 3596 630 3652 per
647 3580 889 3630 oestatem
909 3572 976 3628 in
996 3568 1313 3626 Dominica
1331 3570 1507 3626 conti-

303 3655 468 3731 9erit,
495 3654 660 3712 nulla
686 3650 754 3708 de
778 3648 1090 3708 Dominica
1105 3648 1210 3722 fiet
1233 3647 1506 3705 memoria

305 3806 335 3838 ⁸
371 3798 399 3851 1
426 3798 495 3853 ad
520 3796 637 3851 Gor.
664 3811 777 3865 cap.
804 3790 876 3845 xi.
905 3788 976 3860 (v.
1002 3787 1089 3857 26,
1115 3787 1228 3859 27.)

306 3870 336 3937 ²².
371 3869 457 3923 Ps.
486 3867 578 3922 xii.
607 3865 744 3936 (xiii.
795 3863 846 3931 5,
874 3860 949 3932 6.)

306 3952 332 3981 ο
367 3942 438 3996 ib.
467 3939 539 4011 (v.
567 3937 642 4008 1.)

307 4013 336 4052 d
374 4009 546 4083 Kyrie
569 3999 960 4078 eleyson—26.

302 4128 342 4171 ⁴¹·
365 4132 630 4205 praedicta
650 4120 1216 4181 solennitate-Grani.

304 4209 343 4278 ’1-
378 4205 488 4259 nisi
513 4200 719 4273 festum
753 4199 1056 4248 sanctorum
1085 4193 1418 4259 intercurrat,
1453 4195 1503 4243 et

301 4294 424 4332 cum
461 4273 662 4328 dicitur
696 4267 861 4320 missa
898 4263 1054 4319 Salus
1076 4262 1276 4335 populi,
1302 4267 1350 4315 et
1389 4262 1503 4314 nisi

300 4351 364 4402 in
401 4342 698 4408 Dominica,
733 4343 782 4393 et
821 4336 933 4391 nisi
971 4335 1185 4407 quando
1220 4333 1405 4403 ayitur
1425 4332 1501 4414 ’de

283 4416 428 4489 festo
461 4414 560 4466 loci
593 4417 641 4465 et
675 4411 740 4464 de
777 4412 962 4462 sancta
996 4406 1215 4468 Maria5
1264 4404 1353 4456 sed
1385 4418 1500 4455 stne

296 4483 578 4557 Sequentia
623 4486 670 4538 et
716 4479 898 4550 Credo,
946 4476 1174 4533 videlicet
1219 4475 1315 4529 ubi
1343 4471 1501 4541 fiant

1638 1966 1664 1996 θ
1690 1955 1770 2012 ad
1833 1956 2114 2028 missam‚e
2180 1956 2307 2014 licet
2360 1956 2677 2033 aliquando
2729 1979 2824 2039 pro

1634 2035 1951 2092 necessitate
1991 2034 2160 2111 sacta
2195 2033 2386 2109 fuerit
2437 2037 2713 2094 memoria
2759 2036 2825 2093 ad

1646 2110 1908 2188 Vesper-as
1927 2120 1978 2170 et
1997 2113 2076 2170 ad
2101 2112 2435 2172 Matutinas
2455 2115 2558 2171 sub
2575 2115 2824 2185 silentio;

1633 2198 1698 2246 ut
1724 2190 1875 2248 alias
1915 2190 2131 2249 dictum
2156 2199 2250 2249 est.
2355 2190 2472 2250 Sed
2509 2193 2734 2269 quando
2756 2194 2824 2270 fit
2941 2214 2942 2253 }

1633 2267 1702 2325 de
1753 2269 1948 2345 aliquo
1983 2268 2132 2345 festo
2182 2290 2377 2327 novem
2426 2270 2725 2328 lectionum
2766 2271 2823 2327 in
2941 2272 2942 2313 ³

1632 2345 1978 2419 Dominicis,
2031 2369 2246 2425 semper
2274 2350 2390 2424 fiat
2445 2348 2722 2407 memoria
2768 2348 2826 2406 de

1630 2423 1944 2484 Dominica
1972 2433 2022 2483 et
2057 2426 2125 2484 de
2168 2427 2454 2485 Trinitate
2481 2427 2563 2484 ad
2587 2427 2823 2497 missam,

1630 2502 1857 2577 quando
1883 2504 1963 2562 ad
2002 2502 2273 2581 Vesperas
2304 2513 2356 2562 et
2394 2505 2475 2562 ad
2506 2505 2824 2563 Matutinas

1616 2577 1783 2655 facta
1828 2579 2016 2656 fuerit
2068 2583 2342 2640 memoria
2370 2605 2395 2654 ;
2421 2588 2443 2626 t
2489 2584 2618 2640 nisi
2665 2584 2823 2641 missa

1628 2656 1992 2718 dominicalis
2033 2661 2224 2717 debeat
2268 2661 2500 2719 cantari
2540 2661 2674 2739 ipsa
2715 2661 2820 2720 Do-

1627 2735 1846 2794 minica
1873 2738 1940 2795 in
1965 2739 2257 2815 capitulo,f

1733 2813 1930 2873 Lectio
1989 2816 2263 2894 Epistolae
2330 2816 2481 2874 beati
2546 2816 2603 2875 J
2595 2815 2821 2875 ohannis

1626 2890 1944 2969 Apostoli!

1703 2970 2012 3042 carissimi,
2031 2972 2189 3032 Deus
2215 2972 2421 3031 caritas
2449 2980 2557 3032 est.
2625 2973 2703 3031 In
2726 2971 2820 3030 hoc

1626 3050 1890 3183 apparuit
1915 3050 2115 3109 caritas
2141 3051 2253 3109 Dei
2279 3053 2341 3108 in
2362 3052 2543 3123 nobis,
2565 3052 2817 3130 quoniam

1626 3126 1695 3184 Fi
1720 3128 1838 3185 ium
1882 3148 2042 3186 suum
2084 3129 2443 3208 unigenitum
2483 3130 2645 3189 misit
2682 3132 2820 3188 Deus

1626 3203 1688 3261 in
1705 3205 2001 3277 mundum,
2024 3216 2089 3267 ut
2115 3208 2367 3266 vivamus
2396 3228 2501 3286 per
2522 3228 2675 3266 eum.
2751 3207 2817 3265 In

1626 3281 1735 3341 hoc
1751 3294 1837 3343 est
1854 3283 2078 3343 caritas:
2119 3306 2235 3344 non
2252 3286 2410 3364 quasi
2439 3306 2543 3344 nos
2561 3285 2819 3345 dilexeri-

1627 3380 1752 3419 mus
1796 3362 2005 3436 Deum,
2052 3364 2152 3423 sed
2198 3364 2465 3441 quoniam
2510 3365 2635 3443 ipse
2677 3364 2819 3443 prior

1615 3438 1832 3499 dilexit
1882 3461 2003 3513 n08,
2057 3452 2117 3502 et
2168 3443 2326 3501 misit
2389 3441 2603 3500 Filium
2668 3461 2817 3501 suum

1667 3519 2087 3608 ropitiationem
2149 3540 2255 3598 pro
2411 3521 2550 3578 catis
2604 3519 2816 3579 nostris.

1671 3598 1933 3670 arissimi,
1953 3599 2002 3656 si
2027 3597 2055 3630 ¹¹
2074 3598 2229 3657 Deus
2249 3598 2308 3656 di
2331 3599 2454 3658 exit
2473 3619 2604 3658 nos:
2648 3608 2705 3658 et
2724 3616 2818 3654 nos

1622 3674 1896 3734 debemus
1921 3676 2261 3736 alterutrum
2298 3676 2557 3756 diligere.
2640 3678 2817 3736 Deum

1623 3799 1649 3829 θ
1684 3806 1794 3845 non
1820 3790 2025 3846 habent
2048 3790 2134 3846 92.
2161 3791 2247 3847 98.
2274 3791 2371 3845 4L.
2399 3793 2486 3847 57.

1621 3860 1643 3898 ¹'
1687 3878 1797 3915 non
1821 3861 2024 3917 habent
2048 3862 2133 3917 92.
2160 3862 2245 3916 98.
2271 3861 2370 3916 4L.
2400 3863 2485 3917 15.
2513 3863 2602 3920 57.

1622 3940 1651 3979 8
1687 3931 1718 3984 1
1744 3932 1943 3986 Johan.
1971 3950 2033 3987 ca
2072 3975 2083 3987 .
2111 3933 2182 3988 iv.
2209 3933 2271 3986 B.
2300 3934 2372 4003 (v,
2401 3933 2588 4056 8-213

1622 4000 1652 4041 ¹¹
1688 4001 1985 4059 sie—551³.
2065 4044 2078 4058 .
2177 4020 2286 4058 non
2322 4003 2528 4058 habent
2587 4005 2635 4058 6.
2661 4003 2753 4058 &a

1626 4123 1831 4178 Octavoe
1864 4126 1979 4179 sine
2014 4125 2268 4194 reqimine
2307 4125 2467 4180 chori.
2567 4125 2682 4178 Ubi
2712 4139 2819 4178 vero

1603 4193 1763 4263 fiunt
1792 4195 1998 4249 Octavoe
2018 4212 2140 4248 cum
2160 4197 2415 4266 reqimine
2441 4195 2601 4265 chori,
2625 4196 2821 4248 dicim

1615 4266 1847 4335 quotidie
1890 4283 1994 4335 per
2040 4265 2275 4320 Octavas.
2372 4266 2451 4320 Et
2502 4268 2567 4319 in
2617 4265 2820 4319 Oetacis

1721 4337 1827 4389 ndo
1848 4337 1913 4389 de
1949 4335 2157 4389 octavis
2178 4337 2379 4390 dicitur
2411 4338 2591 4406 missa,
2622 4337 2822 4389 dieitur
2935 4396 2936 4409 χ

1614 4353 1895 4476 &tentia
1912 4406 2046 4461 Ecce
2059 4406 2215 4478 panis
2230 4406 2562 4477 angelorum,
2580 4411 2638 4460 ut
2657 4421 2820 4475 supra

1613 4477 1676 4530 in
1693 4475 1974 4547 Sequentia
1985 4478 2557 4548 proecedenti.—Grad.
