2975 5009
157 1059 185 1086 ⁸
206 1058 528 1115 MISSALE
550 1035 580 1075 ¹³
655 1054 1074 1113 SECUNDUM
1096 1041 1128 1080 b
1202 1051 1417 1109 USUM
1441 1037 1467 1065 ⁰

1543 1049 1923 1107 EOOLESIAE
1998 1051 2266 1109 SARUM
2290 1038 2319 1076 ‘¹
2384 1054 2680 1111 1Nc11>1r

1202 1163 1622 1221 FELICITER.

709 1360 1065 1415 DOMINIGA
1082 1340 1343 1435 prima
1376 1338 1713 1411 adventus
1745 1338 2118 1411 Domini!

254 1529 374 1601 Ad
414 1529 741 1604 Missam.

255 1628 643 1703 Officium.0

232 1727 331 1786 Ad
366 1737 426 1787 te
461 1727 639 1786 levavi
665 1726 912 1785 animam
939 1743 1159 1783 meam:
1200 1722 1356 1781 Deus

151 1824 325 1878 mene,
363 1807 422 1864 in
465 1815 525 1866 te
563 1805 804 1875 confide,
841 1824 954 1862 non
999 1804 1350 1861 erubescam.
1337 1821 1349 1835 ·

149 1905 330 1962 neque
349 1886 623 1945 irrideant
638 1904 730 1943 me
746 1881 960 1940 inimici
978 1880 1118 1940 mei:
1140 1879 1354 1939 etenim

146 1963 394 2023 universi
445 1964 541 2042 qui
592 1972 651 2022 te
696 1970 1002 2040 expectant
1052 1979 1168 2017 non
1221 1977 1353 2017 oon·-

142 2042 471 2102 fundentur.
1065 2037 1351 2095 Psalmus.

218 2119 352 2174 Viae
374 2126 522 2189 tuae,
563 2118 805 2187 Domine,
840 2116 1150 2170 demonstra
1183 2113 1350 2167 mihi:

139 2195 202 2244 et
223 2190 445 2246 semitas
467 2162 590 2245 tuias
613 2190 770 2244 edoce
792 2205 895 2241 me.

223 2263 534 2340 Repetatur
584 2261 862 2339 Officium,
901 2258 1111 2316 scilicet
1155 2256 1252 2314 Ad
1291 2263 1352 2314 te

135 2340 324 2399 levavi
379 2345 479 2399 &a
534 2349 586 2398 et
628 2347 822 2417 postea
874 2338 1104 2395 dicatwr
1157 2334 1354 2396 Gloria

131 2507 164 2535 ⁸
203 2496 277 2550 In
303 2496 524 2550 nomine
546 2493 897 2550 sanctissimae
921 2492 1216 2546 Trinitatis.
1246 2490 1317 2543 94

131 2569 164 2607 b
200 2568 277 2622 ad
303 2567 389 2621 98.
416 2567 503 2621 26.

133 2650 160 2677 ⁰
198 2638 370 2693 chori.
398 2637 483 2692 94.
512 2637 596 2691 98.

208 2787 246 2821 '¹'
287 2788 400 2841 Per
435 2792 602 2840 totum
638 2785 939 2839 Adventum
974 2789 1022 2837 et
1056 2800 1092 2836 a
1128 2782 1349 2852 Septua-

124 2860 342 2929 9esima
379 2875 541 2928 usque
580 2857 654 2910 ad
700 2855 916 2910 Coenam
963 2854 1188 2907 Domini
1232 2854 1349 2907 dia-

127 2946 304 2983 conus
335 2933 385 2982 et
415 2929 767 2982 subdiaconus
801 2927 876 2979 ad
907 2926 1124 2978 missam
1158 2924 1353 2978 casulis

128 3001 482 3063 induantur;
526 2999 636 3051 nisi
676 2998 739 3050 in
769 2995 933 3067 festis
972 3000 1272 3049 sanctorum
1307 2998 1354 3047 et

128 3071 356 3195 quamdo
379 3040 581 3123 dicitur
608 3069 773 3121 missa
804 3067 960 3121 Salus
989 3065 1175 3138 populi
1209 3070 1258 3119 et
1290 3065 1354 3118 de

394 3145 522 3193 tunc
561 3140 702 3193 enim
747 3138 1036 3192 dahnatica
1076 3141 1123 3190 et
1169 3136 1354 3189 tunica

126 3212 305 3268 indui
338 3212 532 3265 debent.
606 3210 680 3264 In
710 3210 887 3262 missis
920 3224 1118 3279 quoque
1148 3207 1354 3275 viyztia-

125 3301 259 3336 rum
311 3288 361 3335 et
402 3283 465 3335 in
494 3282 728 3350 jejuniis
770 3280 1010 3344 Quattuor
1048 3283 1352 3347 temporum.

129 3353 470 3406 Generaliter
480 3369 584 3421 ρει·
599 3357 766 3405 totum
782 3367 1004 3417 annum,
1025 3350 1087 3402 in
1103 3349 1237 3402 albis
1253 3363 1358 3401 esse

122 3425 349 3478 debent:
370 3424 480 3475 nisi
471 3420 1358 3503 inviydiaPaschoeetPentecostes

118 3500 171 3547 et
207 3495 280 3547 in
318 3495 504 3563 viydia
532 3492 849 3546 Natiuitatis
882 3491 1119 3559 Domini,
1145 3489 1358 3572 quando

119 3566 189 3617 in
227 3565 509 3619 dominica
544 3564 721 3633 contiq
720 3564 831 3629 erit,
870 3566 918 3615 et
953 3579 1015 3616 ecc
1055 3562 1206 3615 certis
1243 3560 1356 3630 (ex-

115 3636 330 3705 ceptis)
360 3635 602 3699 Quatuor
628 3634 942 3703 temporibus
965 3648 1084 3703 quae
1105 3632 1357 3685 celebran-

115 3711 220 3758 tur
243 3707 319 3759 in
340 3705 662 3759 hebdomada
684 3705 1033 3757 Pentecostes:
1067 3708 1195 3756 tunc
1217 3701 1358 3754 enim

112 3777 431 3829 dalmatica
465 3776 786 3843 induantur,
812 3774 924 3827 nisi
959 3774 1022 3826 in
1061 3774 1148 3827 die
1181 3772 1356 3824 Para-

110 3864 296 3901 soeves
333 3851 384 3900 et
417 3847 481 3899 in
515 3846 899 3915 Royationibus
934 3844 1008 3897 ad
1043 3845 1260 3897 missam
1295 3842 1359 3894 de

94 3918 348 3985 jejunio
390 3917 456 3969 in
504 3916 927 3999 processionibus,
977 3920 1026 3969 et
1065 3916 1128 3968 in
1182 3913 1360 3965 missis

110 3988 559 4054 dominicalibus,
581 3991 629 4040 et
650 3987 712 4040 in
728 3986 905 4039 missis
921 3990 1223 4039 samam-am
1240 3998 1360 4053 quae

109 4059 180 4111 in
204 4058 490 4142 Capitulo
497 4029 768 4111 dicuntur.
842 4056 915 4109 In
933 4057 1110 4109 missis
1127 4071 1240 4110 vero
1252 4070 1359 4122 pro

208 4130 408 4183 unctis
464 4129 529 4181 in
586 4128 720 4181 albis
767 4143 870 4181 esse
922 4132 1175 4181 tenentum
1285 4124 1360 4177 In

259 4199 644 4253 memoratione
664 4198 976 4252 animarum
1007 4203 1054 4251 et
1083 4198 1148 4251 in
1180 4196 1360 4249 missis

94 4286 216 4337 pro
262 4286 508 4354 qmpore
516 4269 774 4338 proesenti
807 4272 856 4322 et
895 4268 957 4322 in
996 4268 1361 4322 anniversario

106 4340 587 4409 (anniversariis)
640 4340 1010 4414 episcoporum,
1062 4338 1363 4393 dalmaticis

102 4415 155 4462 d
190 4412 419 4466 tunicis
439 4409 760 4464 induantur.
815 4410 925 4463 Per
957 4410 1218 4494 reliquum
1248 4425 1362 4463 vero

97 4484 341 4551 tempus
371 4481 526 4549 anni,
551 4480 780 4551 quotidie
813 4481 1112 4594 dalmaticis
1133 4486 1182 4537 et
1215 4480 1360 4534 tuni·

1467 1519 1627 1579 Patri
1660 1530 1710 1579 et
1737 1521 1895 1581 Sicut
1921 1529 2060 1579 erat.
2132 1519 2255 1591 Quo
2275 1522 2441 1611 dicto,
2471 1524 2677 1581 iterum

1466 1606 1749 1675 repetatur
1798 1598 2059 1675 Officium
2099 1606 2163 1655 ut
2197 1600 2387 1675 prius.
2468 1601 2551 1658 Et
2595 1604 2678 1659 sic

1453 1677 1571 1766 fiat
1587 1699 1697 1754 per
1722 1685 1898 1735 totum
1918 1697 2151 1747 annum,
2173 1684 2292 1733 tam
2318 1678 2384 1735 in
2403 1679 2675 1737 Domini-

1469 1755 1549 1813 cis
1597 1776 1769 1832 quam
1820 1756 1888 1813 in
1926 1753 2089 1833 festis
2106 1757 2507 1844 sanctorusm†
2550 1779 2677 1815 cum

1467 1834 1740 1910 reyimine
1767 1834 1958 1892 chori:
2002 1841 2053 1890 et
2090 1833 2158 1890 in
2196 1835 2449 1891 omnibus
2488 1836 2676 1893 missis

1466 1912 1534 1969 de
1574 1921 1768 1970 sancta
1807 1912 1879 1969 M
1881 1933 2052 1969 aria
2104 1912 2223 1969 nisi
2260 1912 2327 1971 in
2364 1913 2675 1973 Dominica

1465 1989 1762 2048 Passionis
1814 1990 2103 2048 Domini:
2158 1998 2207 2047 et
2260 1991 2461 2049 abhinc
2506 2014 2676 2068 usque

1466 2068 1546 2125 ad
1569 2068 1801 2127 Ooenam
1820 2069 2082 2139 Domini,
2101 2068 2179 2125 ad
2203 2069 2435 2127 missam
2455 2070 2522 2126 de
2542 2079 2675 2128 tem·

1455 2147 1656 2223 porali
1696 2154 1933 2205 tantum.
2019 2146 2178 2204 Tunc
2206 2155 2337 2225 post
2376 2148 2676 2206 Psalmum

1464 2232 1748 2302 repetatur
1777 2224 2039 2316 Officium
2063 2225 2184 2282 sine
2209 2225 2405 2284 Gloria
2432 2227 2612 2286 Patri.

1543 2302 1826 2380 Sequatur
1851 2302 2033 2380 Kyrie
2060 2302 2283 2362 eleison.

1466 2497 1495 2535 ‘¹
1532 2496 1870 2567 Anglicanae.
1897 2496 1982 2551 94.
2010 2496 2096 2551 98.

1466 2576 1490 2605 e
1527 2568 1771 2622 Officium
1798 2568 1882 2621 15.
1909 2567 1995 2621 26.
2025 2568 2109 2622 34.
2139 2567 2275 2622 54R.
2304 2567 2435 2621 55P.
2476 2567 2673 2621 Introi-

1464 2644 1568 2693 ωε.
1597 2638 1681 2691 94.
1710 2638 1795 2692 98.
1824 2637 1988 2692 ὃΒΜ.
2019 2638 2103 2692 13.
2133 2639 2216 2693 57.

1462 2788 1539 2840 cis
1561 2788 1875 2855 induantur,
1897 2792 1945 2839 et
1966 2804 2164 2857 semper
2184 2788 2245 2840 in
2275 2804 2340 2840 ra
2350 2787 2673 2869 praedictum

1464 2864 1683 2927 tempus,
1703 2858 1894 2910 scilicet
1916 2857 2189 2911 Adventus
2267 2857 2435 2910 omini
2457 2862 2504 2911 et
2532 2858 2672 2921 Qua·

1462 2929 1787 3011 draqesimae,
1814 2929 1977 2980 missa
2004 2944 2123 2980 cum
2158 2926 2545 2981 Benedicamus
2570 2927 2673 2979 Do-

1463 3015 1616 3051 mmo
1622 2997 1881 3067 finiatur
1951 2998 2061 3050 Per
2081 3003 2247 3051 totum
2268 3001 2443 3051 autem
2466 3014 2674 3051 annum

1459 3069 1770 3140 yeneraliter
1790 3068 2043 3122 habeatur
2067 3069 2266 3138 reyula,
2293 3068 2431 3139 quod
2461 3085 2671 3137 semper,

1502 3140 1680 3193 uando
1731 3141 1806 3193 ad
1856 3139 2074 3192 missam
2127 3140 2328 3193 dicitur
2381 3138 2564 3192 Gloria
2616 3139 2677 3191 in

1467 3160 1720 3279 ffixoelsiS,
1756 3211 1878 3279 ipsa
1912 3210 2075 3263 missa
2115 3226 2236 3263 cum
2271 3209 2357 3263 Ite
2394 3210 2557 3263 missa
2597 3216 2678 3264 est

1452 3280 1714 3351 finiatur.
1787 3281 1882 3334 Ad
1902 3282 2120 3334 missam
2140 3298 2316 3335 omnes
2346 3282 2517 3335 clerici
2539 3284 2678 3334 stare

1468 3356 1710 3406 tenentur
1755 3352 1867 3406 nisi
1911 3352 2043 3404 dum
2088 3351 2264 3405 Lectio
2309 3353 2385 3405 vel
2435 3351 2679 3421 Epistola

1467 3424 1728 3493 leyuntum
1751 3422 1993 3492 Gradale,
2012 3421 2282 3493 Alleluya,
2307 3423 2540 3491 Tractus,
2558 3439 2679 3475 cum

1468 3495 1584 3548 suis
1613 3493 1855 3546 Versibus
1876 3498 2181 3546 cantentur:
2216 3498 2264 3547 et
2285 3494 2348 3546 in
2370 3494 2675 3563 inceptioni-

1469 3566 1566 3618 bus
1587 3564 1945 3633 cujuscunque
1974 3564 2175 3617 Cantus
2196 3565 2272 3617 ad
2292 3565 2514 3617 missam
2541 3568 2679 3616 stare

1469 3639 1738 3688 tenentur:
1774 3638 1821 3687 et
1843 3634 1917 3688 ad
1951 3634 2118 3687 altare
2139 3651 2192 3687 se
2220 3639 2530 3688 convertant.
2605 3634 2679 3686 In

1468 3705 1767 3775 duplicibus
1805 3703 1979 3775 festis,
2034 3721 2208 3757 omnes
2254 3704 2489 3758 Roetores
2536 3702 2680 3756 chori

1463 3781 1667 3845 ,aestum
1688 3776 1963 3828 imitentur
1991 3774 2163 3828 Obori.
2167 3775 2398 3828 —Grad.

1570 3846 1609 3916 †
1658 3850 1706 3899 et
1762 3847 1825 3899 in
1883 3846 2074 3898 octavis
2131 3850 2179 3899 et
2244 3845 2402 3916 infra
2469 3846 2680 3927 quando

1469 3916 1657 3970 chorus
1696 3918 1911 3986 reyitur,
1950 3920 1999 3969 et
2032 3916 2093 3969 in
2127 3916 2369 3968 omnibus
2406 3916 2583 3968 missis
2618 3917 2681 3969 de

1468 3992 1654 4041 sancta
1687 3987 1885 4054 Maria,
1911 3990 1959 4039 et
1990 3986 2054 4038 de
2076 3984 2217 4056 festo
2251 3985 2349 4038 loci
2377 4003 2482 4054 per
2514 3990 2680 4039 totum

1469 4075 1691 4112 annum.
1743 4058 1794 4110 A
1813 4056 2133 4110 Dominica'
2108 4074 2170 4110 in
2187 4056 2442 4110 Passione
2459 4056 2682 4109 Domini

1470 4146 1634 4212 usque
1655 4129 1729 4181 ad
1760 4128 1977 4182 Ooenam
2012 4127 2236 4179 Domini
2262 4144 2370 4180 non
2400 4132 2677 4196 repetatur,

1470 4200 1581 4253 nisi
1603 4200 1683 4253 bis
1705 4199 1779 4251 ad
1804 4199 2023 4251 missam
2053 4198 2118 4251 de
2146 4198 2420 4267 temporali
2453 4203 2679 4265 tantum,

1545 4270 1603 4323 ia
1648 4274 1776 4322 tunc
1820 4285 1931 4322 non
1969 4269 2172 4322 dicitur
2218 4268 2403 4323 Gloria
2443 4268 2596 4321 Patri
2636 4274 2684 4321 et

1512 4340 1627 4393 ient
1666 4343 1796 4393 erat.
1871 4339 1983 4393 Per
2026 4343 2194 4392 totum
2233 4340 2536 4393 Adventum
2575 4355 2683 4392 non

1472 4410 1675 4463 dicitur
1708 4408 1892 4463 Gloria
1922 4409 1984 4462 in
2016 4407 2252 4463 Excelsis
2282 4426 2373 4463 nec
2407 4408 2494 4462 Ite
2522 4408 2685 4461 missa

1474 4485 1570 4547 eet,
1596 4480 1661 4534 de
1682 4496 1987 4550 quocunque
2007 4480 2208 4533 dieitur
2227 4477 2639 4533 missa.—-Grad.
