2975 5009
127 282 239 345 309

128 452 274 511 tiores
306 472 434 510 cum
480 452 720 511 diacono
765 462 817 513 et
861 454 1203 513 subdiacono
1252 456 1323 513 de

126 530 346 589 secunda
373 529 576 607 forma
603 540 654 588 et
679 531 1012 608 ceroferario
1032 533 1099 591 de
1116 535 1319 609 prima

116 608 308 683 forma,
326 610 429 684 qui
447 630 633 667 omnes
653 611 768 668 sint
787 611 931 668 albis
947 632 1074 668 cum
1093 613 1320 669 amicti-

131 689 214 743 bus
227 687 458 759 induti:
473 695 526 744 et
540 688 827 763 incipiant
843 709 881 745 a
897 688 1107 764 majori
1121 690 1317 761 altari,

130 772 174 821 et
206 765 429 821 abluant
454 764 624 836 illud,
652 765 1006 840 infundentes
1044 767 1242 824 vinum
1269 776 1321 825 et

132 863 320 918 aquam
333 865 356 913 ;
395 851 447 899 et
473 844 705 901 interim
737 852 991 901 cantetur
1014 845 1317 921 Responso-

133 922 271 977 vium
305 925 375 979 In
407 933 593 982 monte
628 924 885 981 oliveti*
934 942 971 979 a
1010 931 1118 980 toto
1157 923 1321 980 choro

134 1019 302 1054 coram
321 998 495 1054 altari
520 1019 649 1055 cum
675 1020 774 1056 suo
812 1000 1000 1071 Versu,
1027 1008 1079 1057 et
1105 1000 1321 1059 dicitur

132 1076 237 1132 sine
272 1083 453 1137 Gloria
495 1083 663 1138 Patri.
736 1077 859 1148 Quo
884 1079 1060 1153 finito
1105 1079 1321 1135 dicitur

143 1153 319 1211 Versus
364 1164 415 1212 et
465 1153 666 1212 Oratio
707 1156 775 1212 de
821 1164 1009 1213 sancto
1051 1156 1119 1213 in
1158 1157 1317 1231 cujus

134 1230 312 1289 bonore
332 1240 706 1290 consecratum
735 1240 812 1289 est
831 1234 1028 1304 altare,
1051 1235 1122 1291 ab
1148 1235 1319 1292 eaecel-

135 1308 341 1368 lentiore
378 1310 673 1382 sacerdote,
714 1311 961 1368 modesta
1000 1333 1142 1381 voce,
1185 1313 1319 1369 item

133 1386 238 1444 sine
284 1397 432 1447 nota.
518 1388 657 1458 Quoe
704 1390 1031 1447 terminetur
1074 1390 1156 1447 sic
1204 1391 1320 1448 Per

134 1463 423 1537 Christum,
441 1487 540 1523 nec
552 1467 831 1543 proecedat
847 1488 942 1524 nec
957 1469 1321 1544 subsequatur

137 1542 391 1602 Dominus
409 1544 819 1614 vobiscum,sed
835 1553 1054 1602 tantum
1074 1545 1319 1603 Oreinus
1344 1555 1351 1564 “

135 1629 246 1678 ante
264 1621 604 1679 Orationem.
665 1623 697 1699 †
723 1622 932 1679 Eodem
947 1623 1109 1681 modo
1124 1624 1320 1681 omnia

134 1734 160 1762 ⁸
186 1732 236 1780 et
254 1727 458 1782 duobus
480 1727 688 1781 clericis
710 1729 899 1782 vinum
925 1734 982 1783 et
1007 1746 1205 1799 aquam
1230 1731 1318 1783 de-

133 1824 165 1857 *
192 1825 255 1878 In
293 1832 477 1880 monte
515 1826 715 1880 Oliveti
755 1827 903 1880 oravi
944 1827 1015 1882 ad
1063 1828 1316 1893 Patrem;

135 1894 287 1966 Pater,
313 1897 358 1950 si
380 1897 495 1951 fieri
534 1903 722 1967 potest,
750 1904 989 1951 transeat
1012 1915 1046 1951 a
1070 1916 1156 1952 me
1178 1900 1319 1952 calix

130 1965 247 2034 iste;
280 1967 502 2049 spiritus
524 1968 742 2037 quidem
775 1975 1054 2039 promptus
1076 1975 1171 2038 est,
1197 1986 1320 2024 caro

128 2043 290 2091 autem
312 2038 546 2091 infirma.
619 2037 744 2092 Fiat
766 2039 1016 2093 voluntas
1038 2044 1150 2093 tua.

140 2106 608 2162 1⁷..Verumtamen
632 2125 742 2163 non
773 2108 913 2163 sicut
947 2126 1045 2180 ego
1068 2109 1202 2179 volo,
1227 2109 1321 2164 sed

127 2176 250 2231 sicut
278 2188 342 2231 tu
363 2178 462 2232 vis.
540 2178 677 2232 Fiat.

175 2248 648 2302 Circumdederunt
664 2265 747 2302 me
761 2248 864 2302 viri
878 2249 1180 2315 mendaces;
1202 2250 1320 2304 sine

123 2333 265 2372 causa
297 2317 527 2389 flagellis
562 2319 869 2373 ceciderunt
903 2336 1005 2374 me.
1096 2320 1202 2375 Sed
1239 2327 1316 2389 tu,

126 2386 335 2443 Domine
358 2389 619 2458 defensor,
645 2388 860 2444 vindica
883 2406 984 2443 me.

134 2457 185 2513 V.
218 2459 488 2524 Quoniam
523 2459 803 2514 tribulatio
844 2460 1090 2532 proxima
1129 2468 1226 2531 est,
1264 2465 1321 2515 et

126 2544 220 2582 non
242 2536 323 2584 est
346 2531 444 2600 qui
468 2530 557 2600 adj
567 2536 705 2584 uvet.
779 2529 883 2584 Sed
908 2536 985 2584 tu.

188 2602 324 2659 Haec
350 2609 484 2658 sunt
510 2601 861 2679 responsoria
883 2623 948 2659 ex
973 2601 1215 2660 historia
1243 2601 1319 2659 In

126 2688 303 2738 monte
333 2680 569 2738 oliveti.

182 2755 369 2810 Tristis
392 2761 475 2810 est
508 2755 695 2810 anima
729 2773 850 2809 mea
873 2773 1041 2826 usque
1075 2756 1146 2811 ad
1182 2773 1321 2810 mor-

124 2829 234 2895 tem,
274 2827 540 2880 sustinete
577 2826 666 2879 hic
707 2832 763 2880 et
808 2826 1029 2897 vigilate
1075 2843 1320 2892 mecum;

124 2912 255 2952 nunc
277 2896 530 2952 videbitis
565 2897 778 2951 turbam
815 2913 939 2966 quae
973 2896 1326 2951 circumdabit

123 2982 210 3023 me.
286 2968 395 3021 Vos
422 2968 609 3038 fugam
643 2969 870 3039 captetis
908 2973 964 3022 et
998 2984 1095 3038 ego
1124 2968 1323 3023 vadam

124 3036 381 3092 immolari
403 3055 502 3109 pro
526 3037 689 3091 vobis.

136 3106 185 3163 V.
220 3109 356 3163 Eece
389 3107 845 3179 appropinquabit
886 3108 1018 3162 hora
1058 3113 1114 3162 et
1155 3107 1326 3161 Filius

127 3175 369 3302 Iviomiinis
390 3179 636 3232 tradetur
662 3179 724 3231 in
748 3177 944 3233 manus
966 3184 1321 3250 peccatorum.

171 3266 226 3302 os
271 3267 304 3301 ιι
379 3266 450 3301 m.

188 3267 577 3374 Eooegeidimus
600 3335 725 3372 eum
748 3335 860 3372 non
896 3318 1184 3373 habentem
1208 3334 1322 3390 spe-

127 3387 251 3442 ciem
273 3407 450 3459 neque
481 3390 737 3458 decorem,
764 3395 1008 3459 aspectus
1031 3389 1148 3459 ejus
1181 3390 1240 3442 in
1264 3406 1327 3443 eo

130 3474 229 3512 non
262 3466 357 3527 est,
397 3459 488 3513 hic
522 3465 739 3530 peccata
775 3465 956 3513 nostra
989 3460 1239 3529 portavit,
1271 3465 1328 3514 et

129 3544 216 3598 pro
237 3532 389 3585 nobis
410 3529 599 3584 dolens
619 3547 631 3595 3
671 3530 782 3600 ipse
805 3536 988 3583 autem
1012 3530 1328 3584 vulneratus

130 3607 204 3651 est
234 3606 451 3672 propter
469 3599 807 3681 ‘iniquitates
842 3605 1064 3654 nostras.
1157 3600 1327 3670 Cujus

32 3687 33 3696 ¹
130 3667 284 3724 livooe
305 3676 486 3724 sanati
508 3687 708 3723 sumus

140 3738 195 3793 V.
217 3740 354 3795 Vere
366 3741 652 3811 languores
666 3745 872 3794 nostros
889 3738 1001 3810 ipse
1016 3740 1255 3809 abstulit,
1274 3746 1330 3795 et

130 3807 462 3865 infirmitates
479 3810 726 3864 nostrasi
843 3811 1093 3881 portavit.
1142 3810 1327 3882 Cujus.

210 3881 363 3935 Unus
409 3898 476 3936 ex
518 3827 821 3951 discipuffie
840 3880 975 3934 meis
1020 3881 1197 3935 tradet
1243 3899 1330 3935 me

130 3948 315 4018 hodie3
371 3968 457 4006 vae
502 3950 587 4003 illi
634 3967 730 4021 per
776 3967 936 4020 quem
987 3951 1168 4004 tradar
1214 3969 1325 4023 ego·

130 4018 319 4074 Melius
339 4021 424 4075 illi
448 4026 565 4074 erat
587 4020 632 4073 si
664 4026 827 4074 natus
851 4037 962 4075 non
982 4020 1187 4075 fuisset.

140 4089 198 4143 V.
233 4091 337 4155 Qui
366 4090 597 4160 intingit
630 4107 857 4144 manum
882 4108 1091 4145 mecum
1114 4092 1174 4144 in
1211 4109 1329 4163 par·

128 4161 315 4231 apside,
352 4162 445 4215 hic
479 4179 567 4215 me
601 4160 900 4214 traditurus
932 4167 1015 4216 est
1048 4161 1109 4214 in
1139 4179 1333 4216 manus

129 4238 474 4301 peecatorum.
543 4231 760 4285 Melius.

196 4301 237 4353 J
240 4303 368 4356 udas
389 4307 652 4356 mercator
683 4301 942 4372 pessimus
964 4301 1142 4357 osculo
1174 4303 1334 4375 petiit

131 4368 446 4439 Dominum3
497 4372 593 4426 ille
629 4377 693 4424 ut
721 4389 895 4443 agnus
930 4371 1186 4427 innocens
1221 4390 1331 4427 non

130 4442 1335 4569 ffiiffiifflffthfflffmoeffiffl

132 4582 365 4639 tradidit.
560 4652 686 4714 20*

748 298 971 347 Fama
1015 297 1287 356 QmN'rA
1334 298 1415 346 IN
1463 296 1680 347 COENA
1726 297 2005 348 DOMINI.

2514 285 2642 350 310

1435 456 1654 513 altaria
1718 456 1785 513 in
1849 452 2079 512 ecclesia
2143 454 2451 513 abluantur
2515 476 2640 514 cum

1434 533 1824 609 Responsoriis
1869 540 1920 590 et
1982 530 2243 589 Versibus
2293 533 2440 590 sicut
2482 536 2641 592 ordi-

1435 612 1623 668 natim
1637 619 1766 668 sunt
1782 611 1848 667 in
1862 610 2134 687 proedicta
2144 611 2383 669 historia
2395 632 2419 681 ;
2434 613 2644 671 scilicet

1433 696 1506 750 In
1564 703 1750 753 monte
1805 696 2004 752 Oliveti
2052 697 2104 745 et
2161 709 2291 746 cum
2350 689 2523 747 Versu
2587 698 2639 748 et

1438 770 1706 827 Oratione
1721 770 1789 826 de
1802 769 2028 838 sanctis,
2045 774 2109 823 ut
2126 787 2300 844 supra
2316 766 2531 825 dictum
2547 776 2641 825 est.

1433 846 1536 905 Ita
1562 848 1710 924 quod
1728 847 1951 904 nullum
1967 845 2405 921 Responsorium
2430 845 2643 923 incipi-

1434 933 1570 982 atur
1593 926 1714 983 nisi
1737 933 1959 981 tantum
1998 943 2188 983 coram
2215 923 2396 980 altari
2415 946 2434 981 :
2478 932 2530 981 et
2555 925 2654 982 ibi
2741 967 2758 974 κ

1434 1010 1613 1060 totum
1658 1003 1999 1074 cantabitur,
2047 1009 2114 1058 ut
2149 1021 2323 1078 supra
2369 1001 2639 1060 diximus.

1431 1079 1497 1137 E
1499 1089 1521 1137 t
1534 1101 1746 1157 semper
1759 1081 1827 1138 in
1841 1089 2081 1138 extrema
2098 1079 2376 1137 ablutione
2392 1088 2645 1138 cantetur

1433 1158 1868 1235 Responsorium
1895 1164 2377 1220 Circumdederunt
2396 1179 2521 1215 cum
2541 1178 2641 1217 suo

1432 1257 1611 1293 versu.
1692 1237 1774 1294 Et
1799 1236 1852 1293 si
1868 1237 2047 1313 plura
2071 1235 2300 1310 fuerint
2326 1235 2544 1294 altaria
2572 1237 2639 1295 in
2676 1285 2680 1290 .

1433 1315 1661 1371 ecclesia
1680 1334 1853 1390 quam
1877 1313 2252 1392 Responsoria
2277 1313 2345 1370 in
2359 1314 2644 1390 praedicta

1434 1391 1673 1449 historia
1701 1414 1718 1449 :
1770 1400 1904 1449 timo
1947 1391 2328 1468 reincipiatur
2379 1392 2642 1462 historia,

1433 1469 1634 1527 ordine
1676 1469 1953 1546 praedicto
2017 1476 2230 1528 servato
2253 1489 2277 1538 ,·
2342 1470 2438 1526 sed
2490 1470 2641 1546 quod

1433 1547 1871 1623 Responsorium
1912 1552 2395 1608 Circumdederunt
2432 1568 2645 1624 semper

1433 1625 1635 1682 ultimo
1653 1626 1766 1682 loco
1786 1632 2057 1682 cantetur.
2141 1623 2282 1682 Post
2303 1625 2643 1683 ablutionem

1431 1737 1904 1792 ferentibus—15.
1931 1736 2017 1791 26.
2054 1738 2217 1795 Grad.

1445 1845 1507 1899 V.
1546 1845 1813 1900 Avaritiae
1832 1845 2130 1901 inebriatus
2143 1862 2363 1918 venene,
2380 1847 2511 1901 dum
2529 1848 2649 1902 sitit

1432 1915 1643 1970 lucrum
1691 1917 1937 1988 pervenit
1972 1917 2043 1971 ad
2080 1917 2350 1987 laqueum.
2423 1918 2647 1973 Denari-

1433 2004 1604 2040 orum.

1490 2056 1615 2111 Una
1637 2056 1768 2111 hora
1781 2073 1892 2110 non
1916 2055 2167 2138 potuistis
2182 2056 2405 2128 vigilare
2419 2075 2646 2127 mecum,

1434 2128 1530 2196 qui
1568 2127 1997 2181 exhortabamini
2034 2127 2169 2181 mori
2242 2145 2301 2182 ro
2338 2145 2425 2182 me
2447 2130 2474 2182 ⁴?
2543 2129 2649 2184 Vel

1432 2198 1473 2250 J
1476 2197 1638 2251 udam
1657 2214 1767 2251 non
1787 2198 1979 2251 videtis
2001 2214 2163 2267 quom
2232 2215 2266 2250 o
2300 2215 2411 2253 non
2444 2199 2646 2254 dormit

1433 2268 1525 2321 sed
1549 2267 1771 2322 festinat
1796 2268 2002 2322 tradere
2025 2285 2112 2322 me
2135 2268 2176 2320 J
2179 2268 2362 2323 udaeis.

1445 2337 1506 2392 V.
1541 2338 1784 2391 Dormite
1805 2339 1923 2409 jam
1959 2343 2015 2393 et
2045 2338 2372 2408 requiescite,
2407 2356 2525 2395 ecce
2556 2358 2591 2394 a
2628 2370 2648 2383 -

1433 2408 1816 2532 flmffiqiabst
1839 2408 1933 2479 qui
1952 2425 2040 2463 me
2063 2409 2360 2464 traditurus
2377 2416 2471 2465 est.
2546 2358 2651 2466 Vgl

1478 2497 1515 2531 u

1504 2548 1746 2603 Seniores
1779 2548 1965 2620 populi
1996 2549 2279 2603 consilium
2303 2549 2558 2620 fecerunt,
2584 2556 2649 2606 ut

1435 2619 1477 2671 J
1478 2637 1626 2672 esum
1647 2619 1768 2673 dolo
1788 2624 2033 2673 tenerent
2051 2624 2105 2673 et
2122 2619 2434 2675 occiderent.
2509 2622 2649 2674 Cum

1435 2689 1631 2759 gladiis
1653 2695 1709 2743 et
1742 2688 1975 2743 fustibus
2010 2689 2259 2744 exierunt
2293 2695 2554 2761 tanquam
2578 2692 2649 2747 ad

1437 2761 1718 2813 latronem.

1449 2830 1510 2883 V.
1549 2829 1931 2898 Cogitaverunt
1948 2826 2292 2898 iniquitatem
2307 2829 2412 2885 sibi
2429 2836 2484 2885 et
2501 2848 2646 2903 egre-

1438 2899 1728 2953 diebantur
1749 2899 1901 2952 foras.
1973 2898 2126 2952 Cum.

1526 2970 1573 3022 Ο
1620 2968 1661 3021 J
1665 2969 1784 3036 uda,
1838 2967 1932 3037 qui
1987 2967 2318 3038 dereliquisti
2364 2970 2649 3026 consilium

1438 3040 1599 3112 pacis,
1634 3045 1690 3093 et
1717 3056 1843 3092 cum
1877 3038 2091 3092 Judaeis
2124 3039 2435 3094 consiliatus
2465 3058 2524 3095 es
2557 3043 2650 3095 tri-

1438 3112 1595 3180 ginta
1606 3127 1668 3163 ar
1703 3108 1887 3177 entem,
1904 3108 2193 3162 vendidisti
2207 3126 2302 3162 san
2305 3109 2525 3179 guinem
2533 3112 2650 3182 jus-

1440 3186 1576 3234 tum.
1613 3171 1618 3184 ⁵
1666 3128 1741 3232 {t
1778 3179 1922 3250 panis
1955 3178 2196 3232 osculum
2228 3178 2446 3249 ferebas,
2485 3199 2649 3251 quam

1441 3250 1608 3373 Ῥησά
1631 3249 1818 3319 Brev.)
1854 3248 1915 3301 in
1939 3255 2148 3319 pectore
2171 3265 2281 3301 non
2305 3248 2552 3305 habebas.

1501 3364 1512 3374 .
1552 3319 1625 3374 Os
1649 3326 1806 3373 tuum
1831 3318 2128 3373 abundavit
2150 3318 2362 3373 malitia
2384 3324 2440 3374 et
2462 3320 2653 3393 lingua

1437 3395 1535 3445 tua
1553 3390 1910 3445 concinnabat
1926 3389 2087 3443 dolos.
2146 3388 2218 3443 Et
2230 3389 2376 3460 pacis
2392 3391 2649 3448 osculum.

1512 3461 1849 3515 Revelabunt
1871 3460 1993 3514 coeli
2016 3459 2361 3528 iniquitatem
2390 3460 2432 3513 J
2432 3461 2569 3531 udae,
2597 3470 2653 3518 et

1439 3537 1584 3585 terra
1619 3532 1870 3584 adversus
1899 3546 2023 3583 eum
2055 3534 2351 3599 consurget,
2390 3536 2446 3585 et
2476 3533 2649 3587 mani-

1439 3602 1637 3655 festum
1660 3601 1762 3655 erit
1943 3605 2060 3652 tum
2084 3599 2246 3668 illius,
2266 3600 2327 3652 in
2351 3600 2439 3654 die
2460 3601 2654 3658 furoris

1443 3671 1677 3725 Domini.
1798 3688 1891 3723 um
1915 3670 1992 3724 eis
2013 3670 2109 3752 qui
2130 3669 2386 3724 dixerunt
2421 3670 2653 3729 Domino

1445 3742 1570 3810 Dec,
1611 3740 1816 3795 Recede
1851 3758 1885 3793 a
1920 3742 2088 3810 nobis,
2127 3740 2406 3795 scientiam
2442 3742 2653 3797 viarum

1444 3817 1663 3866 tuarum
1690 3812 1954 3865 nolumus.

1455 3883 1516 3935 V.
1555 3882 1626 3935 In
1664 3882 1751 3935 die
1788 3879 2105 3964 perditionis
2142 3879 2440 3936 salvabitur
2481 3887 2537 3939 et
2584 3885 2655 3939 ad

1443 3953 1589 4007 diem
1614 3952 1838 4006 ultionis
1859 3951 2098 4005 ducetur.
2173 3951 2326 4006 Cum.

1505 4092 1983 4147 Circumdederunt
2001 4107 2088 4144 me
2105 4090 2205 4146 viri
2230 4092 2525 4165 mendaceS,
2542 4093 2659 4150 sine

1445 4180 1607 4217 causa
1643 4162 1869 4233 flagellis
1906 4162 2212 4217 ceciderunt
2243 4180 2345 4218 me.
2436 4164 2541 4219 Sed
2577 4171 2656 4235 tu,

1448 4234 1678 4287 Domine
1700 4233 1958 4302 defensor,
1984 4232 2201 4287 vindica
2222 4250 2325 4287 me.
2540 4290 2544 4294 ,

1460 4305 1519 4358 V.
1558 4303 1826 4368 Quoniam
1863 4302 2143 4357 tribulatio
2180 4304 2425 4374 proxima
2465 4311 2562 4376 est,
2606 4311 2664 4362 et

1448 4391 1558 4427 non
1582 4380 1663 4427 est
1685 4373 1780 4443 qui
1804 4373 2039 4443 adjuvet.
2113 4371 2217 4426 Sed
2241 4376 2624 4431 tu.-Process.

1448 4444 1486 4514 †
1522 4444 1600 4497 Et
1640 4449 1817 4512 postea
1863 4443 2181 4496 deosculetur
2225 4444 2394 4497 altare
2439 4447 2507 4498 ab
2551 4463 2659 4501 exe-

1444 4514 1821 4638 cutorchglideii
1865 4518 1913 4568 et
1953 4513 2079 4567 aliis
2118 4513 2316 4567 olent-is
2356 4530 2659 4583 consequen-
