2975 5009
130 233 248 302 269

124 408 373 467 cantavit.
474 408 550 469 Et
596 411 922 469 recordatus
976 418 1064 471 est
1114 410 1320 469 Petrus

125 489 265 545 verbi
295 488 337 546 J
339 507 455 559 esu,
478 489 624 566 quod
652 489 913 548 dixerat:
957 488 1123 547 Prius
1149 509 1318 566 quam

124 564 287 643 gallus
338 575 546 638 cantet,
601 575 695 625 ter
746 589 840 626 me
895 568 1142 646 negabis.
1241 568 1321 626 Et

127 661 361 723 egressus
386 644 552 717 foras,
584 645 744 703 flevit
783 666 994 705 amare.
1090 646 1318 705 *Mane

127 734 300 781 autem
328 721 492 795 facte,
520 718 813 781 consilium
841 724 1094 782 inierunt
1122 743 1318 782 omnes

128 801 290 877 princi
365 822 391 859 s
431 803 785 860 sacerdotum
819 811 880 861 et
919 804 1169 861 seniores
1217 822 1316 880 po-

129 877 231 955 puli
245 822 510 938 adfersus
529 880 572 939 J
573 902 749 951 esum,
768 890 833 939 ut
855 902 982 940 eum
1009 880 1180 939 morti
1201 889 1318 939 tra-

127 957 325 1015 derent.
410 959 491 1017 Et
517 960 767 1017 vinctum
787 960 1151 1018 adduxerunt
1167 979 1315 1029 eum,

131 1045 181 1091 et
211 1037 564 1095 tradiderunt
599 1038 807 1096 Pontio
844 1037 1030 1095 Pilato
1070 1037 1314 1115 praesidi.

129 1113 269 1171 Tunc
301 1115 497 1173 videns
523 1115 723 1186 Judas,
751 1118 848 1194 qui
890 1137 1017 1175 eum
1060 1115 1315 1188 tradidit,

130 1193 260 1268 quod
282 1193 583 1251 damnatus
611 1202 777 1265 esset,
815 1195 1151 1272 poenitentia
1184 1194 1317 1251 duc-

131 1283 210 1327 tus
233 1270 425 1330 retulit
451 1273 694 1350 triginta
717 1282 1015 1350 argenteos
1048 1273 1317 1350 principi-

133 1350 221 1405 bus
257 1351 631 1422 sacerdotum,
660 1358 720 1409 et
754 1351 1066 1410 senioribus
1105 1351 1317 1429 populi,

133 1426 332 1500 dicens;
361 1448 415 1485 a.
443 1429 699 1499 Peccavi‚
726 1430 958 1487 tradens
985 1430 1317 1506 sanguinem

127 1503 338 1581 justum.
406 1528 483 1563 m.
517 1509 605 1564 At
630 1507 715 1565 illi
735 1507 1045 1581 dixerunt-3
1076 1529 1128 1565 a.
1162 1507 1317 1575 Quid

135 1583 196 1639 ad
230 1587 364 1643 nos?
412 1594 476 1643 tu
519 1586 746 1644 videris,
827 1606 903 1643 m.
932 1586 1011 1645 Et
1052 1585 1318 1665 projectis

134 1664 391 1739 argenteis
410 1664 471 1722 in
494 1664 730 1744 temple,
754 1665 981 1723 recessit
1004 1688 1018 1724 ε
1048 1673 1107 1723 et
1126 1665 1318 1723 abiens

136 1737 312 1817 laqueo
329 1762 389 1801 se
410 1744 724 1819 suspendit.
806 1742 1097 1821 Principes
1125 1750 1316 1802 autem

136 1820 484 1891 sacerdotum,
540 1822 784 1900 acceptis
836 1821 1136 1900 argenteiS,
1190 1821 1321 1879 dix-

138 1905 317 1968 erunt3
347 1919 399 1956 a.
430 1899 495 1956 N
498 1920 568 1957 on
598 1899 732 1958 licet
758 1920 850 1958 eos
871 1901 1102 1958 mittere
1120 1900 1181 1957 in
1200 1919 1322 1958 cor-

140 1974 317 2034 banam
341 1999 353 2035 :
409 1979 546 2056 quia
587 1979 836 2057 pretium
882 1978 1168 2057 sanguinis
1214 1985 1318 2037 est.

140 2071 202 2109 m.
217 2054 452 2115 Consilio
469 2065 662 2115 autem
682 2057 840 2128 inito,
864 2067 1127 2115 emerunt
1148 2076 1222 2115 ex
1243 2056 1322 2114 eis

141 2149 315 2208 agrum
334 2135 516 2212 figuli,
543 2138 604 2191 in
625 2135 972 2215 sepulturam
995 2134 1322 2213 peregrino-

141 2228 265 2267 rum.
322 2212 696 2291 Propter'hoc
716 2222 938 2272 vocatus
955 2222 1041 2272 est
1056 2233 1193 2291 ager
1208 2211 1324 2283 ille,

140 2287 554 2362 Acheldemach,
584 2291 690 2350 hoc
729 2300 833 2363 est,
859 2312 996 2350 acer
1020 2291 1324 2371 sanguiniS‚

141 2385 293 2444 usque
346 2371 404 2427 in
474 2370 816 2429 hodiernum
883 2343 1056 2428 diem.
1165 2370 1326 2428 Tunc

142 2444 411 2524 impletum
469 2458 559 2507 est
611 2450 761 2526 quod
814 2450 1025 2507 dictum
1083 2457 1169 2507 est
1221 2468 1325 2526 per

141 2521 471 2584 Hieremiam
506 2527 866 2607 prophetam,
895 2527 1210 2585 dicentem:
1244 2526 1326 2585 Et

140 2615 450 2683 acceperunt
476 2606 720 2684 triginta
744 2614 1061 2685 argenteOS,
1079 2605 1324 2684 pretium

140 2685 444 2759 appreciati,
467 2704 635 2761 quem
652 2684 1121 2764 appreciaverunt
1139 2705 1174 2742 a
1193 2683 1326 2742 filiis

145 2758 327 2822 Israel:
351 2772 410 2822 et
428 2763 715 2822 dederunt
737 2764 904 2822 cosin
922 2782 1122 2842 agrum
1144 2760 1325 2840 figuli,

142 2837 268 2898 sicut
290 2842 582 2901 constituit
607 2841 751 2899 mihi
779 2841 1078 2900 Dominus,
1153 2840 1197 2899 J
1198 2860 1322 2899 esus

142 2927 310 2977 autem
330 2922 493 2980 stetit
519 2929 653 2979 ante
673 2921 977 2998 praesidem
1000 2928 1059 2979 et
1080 2919 1324 2978 interro-

141 2997 278 3133 ἢῆ.
314 3019 442 3058 eum
486 3019 716 3078 praeseS,
765 3000 991 3071 dicens;
1038 3018 1092 3054 α.
1136 2998 1223 3056 'ru
1265 3018 1325 3056 es

224 3076 658 3136 xJudaeorum3
719 3097 794 3135 m.
840 3078 1007 3136 Dixit
1023 3074 1105 3135 illi
1121 3075 1165 3134 J
1167 3095 1323 3135 esus:

145 3151 185 3207 b.
208 3153 289 3212 'Pu
314 3157 475 3216 dicis.
555 3178 627 3214 m,
662 3155 743 3214 Et
768 3176 895 3214 cum
918 3163 1269 3214 accusaretur
1294 3174 1330 3212 a

144 3233 469 3314 principibus
496 3235 853 3293 sacerdotum
892 3242 951 3292 et
991 3234 1323 3305 senioribus,

144 3309 271 3369 nihil
285 3314 595 3394 respondit.
638 3313 797 3370 Tunc
813 3313 950 3371 dicit
965 3313 1049 3371 illi
1074 3311 1323 3385 Pilatus3

146 3407 191 3444 a.
240 3390 369 3450 Non
424 3392 587 3450 audis
653 3400 865 3468 quanta
915 3392 1213 3449 adversum
1265 3399 1326 3450 te

144 3468 321 3529 dicunt
355 3470 727 3531 testimonia?
808 3490 883 3527 m.
927 3469 1007 3528 Et
1051 3490 1166 3527 non
1210 3489 1328 3528 res-

145 3550 341 3625 pondit.
377 3552 431 3610 ei
485 3549 557 3607 ad
602 3548 781 3606 ullum
821 3551 1077 3619 verbum,
1131 3550 1213 3607 ita
1263 3555 1330 3606 nt

145 3627 426 3687 miraretur
480 3648 690 3706 praeses
737 3625 1118 3686 vehementer.
1216 3627 1332 3686 Per

143 3706 277 3764 diem
286 3717 477 3767 autem
493 3705 801 3764 solemnem
816 3726 981 3764 consu
988 3712 1178 3766 everat
1185 3726 1331 3785 pree-

146 3804 219 3844 ses
255 3786 545 3846 dimittere
585 3784 789 3863 populo
827 3806 1003 3844 unum
1055 3786 1326 3856 vinctum,

146 3882 296 3942 quem
315 3864 645 3924 voluissent.
697 3864 962 3923 Habebat
980 3872 1169 3922 autem
1191 3871 1328 3921 tunc

147 3962 302 4002 unum
322 3944 574 4002 vinctum
604 3942 901 4021 insignem,
922 3943 1017 4019 qui
1039 3944 1330 4001 dicebatur

147 4019 423 4093 Barrabas,
441 4022 539 4100 qui
560 4030 793 4100 propter
812 4020 1176 4079 homicidium
1195 4020 1329 4079 mis-

146 4118 225 4157 sus
258 4100 442 4159 fuerat
483 4103 541 4158 in
584 4119 882 4158 carcerem.
962 4099 1330 4178 Congregatis

149 4197 268 4257 ergo
286 4180 411 4251 illis,
434 4179 585 4238 dixit
606 4177 849 4247 Pilatus3
869 4198 921 4235 α.
955 4178 1138 4245 Quem
1161 4178 1328 4237 vultis

147 4256 408 4317 dimittam
440 4258 626 4315 vobis:
656 4256 986 4328 Barrabam,
1019 4278 1091 4315 an
1127 4256 1171 4315 J
1173 4277 1328 4315 esum

150 4451 172 4478 ³
202 4462 304 4517 cap.
333 4446 496 4501 xxvii.
528 4444 594 4498 A.
622 4444 827 4516 (1-50.)

797 251 1155 304 DOMINIGA
1191 253 1262 302 m
1295 249 1525 304 RAffls
1559 254 1989 306 PALMARUM.

2517 244 2647 311 270

1428 412 1529 490 qui
1548 412 1757 471 dicitur
1770 412 2035 473 Christus
2052 414 2076 473 ἓ
2143 432 2217 471 m.
2244 413 2469 475 Sciebat
2485 417 2641 476 enim

1470 491 1582 549 uod
1627 511 1732 569 per
1772 491 2042 549 invidiam
2083 492 2454 553 tradidissent
2489 515 2637 554 eum.

1430 510 1679 628 {edente
1699 579 1888 627 autem
1919 569 2015 627 illo
2035 589 2141 661 pro
2165 570 2455 640 tribunali,
2486 575 2643 633 misit

1430 648 1502 705 ad
1523 668 1652 705 eum
1672 665 1816 705 uxor
1835 649 1976 724 ejus,
1996 648 2186 706 dicens
2206 670 2220 719 ;
2264 670 2318 706 a.
2349 650 2514 709 Nihil
2536 653 2641 710 tibi

1428 734 1487 784 et
1496 726 1652 802 justo
1669 724 1775 785 illi:
1796 726 1976 784 multa
1988 727 2139 784 enim
2158 746 2319 803 passa
2328 748 2452 786 sum
2473 729 2640 791 hodie

1430 823 1535 882 per
1557 805 1737 862 visum
1765 812 2002 883 propter
2029 825 2178 863 eum.
2239 825 2315 863 m.
2346 806 2639 887 Principes

1429 893 1618 940 autem
1648 883 2001 941 sacerdotum
2040 891 2099 942 et
2134 884 2385 944 seniores
2411 906 2639 964 persua-

1431 969 1626 1019 serunt
1653 960 1871 1039 populis
1913 970 1979 1018 ut
2013 970 2278 1039 peterent
2307 963 2638 1036 Barrabam,

1429 1038 1474 1096 J
1474 1059 1628 1097 esum
1677 1059 1813 1097 vero
1860 1040 2185 1118 perderent.
2267 1040 2639 1121 Respondens

1430 1126 1622 1175 autem
1644 1137 1870 1196 praeseS,
1892 1118 1974 1175 ait
2003 1117 2144 1188 illis3
2174 1138 2227 1175 a.
2255 1119 2444 1188 Quem
2470 1121 2641 1181 vultis

1430 1196 1587 1254 vobis
1614 1195 1687 1254 de
1717 1196 1934 1255 duobus
1973 1197 2233 1256 dimitti?
2314 1219 2388 1256 m.
2433 1201 2516 1258 At
2558 1201 2638 1259 illi

1427 1274 1703 1332 dixerunt
1720 1295 1736 1344 ;
1766 1294 1820 1331 a.
1844 1274 2166 1333 Barrabam.
2249 1296 2323 1333 m.
2352 1277 2509 1336 Dicit
2528 1280 2640 1339 illis

1431 1351 1650 1410 Pilatus
1669 1373 1685 1423 ;
1709 1372 1763 1410 a.
1796 1353 1950 1420 Quid
1972 1354 2147 1430 igitur
2169 1353 2367 1412 faciam
2388 1356 2460 1415 de
2476 1358 2520 1416 J
2522 1378 2637 1430 esu,

1429 1431 1526 1507 qui
1553 1430 1761 1489 dicitur
1786 1431 2092 1490 Christus?
2160 1452 2235 1489 m.
2271 1434 2480 1492 Dicunt
2517 1456 2637 1493 om-

1430 1528 1530 1566 nes
1548 1529 1564 1580 ;
1621 1529 1676 1566 a.
1731 1508 2125 1585 Crucifigatur.
2233 1530 2309 1567 m.
2367 1513 2476 1570 Ait
2529 1513 2640 1572 illis

1428 1605 1640 1664 praeses
1669 1608 1684 1656 3
1751 1606 1805 1643 a.
1851 1587 2005 1653 Quid
2059 1587 2211 1644 enim
2267 1588 2399 1646 mali
2452 1589 2585 1649 fecit
2613 1595 2638 1651 3

1430 1683 1508 1721 m.
1549 1665 1634 1721 At
1659 1663 1743 1721 illi
1782 1665 1958 1742 magis
1996 1664 2313 1723 clamabant
2351 1667 2636 1743 dicentes3

1432 1762 1488 1799 a.
1530 1741 1927 1820 Crucifigatur.
2036 1763 2112 1799 m.
2173 1742 2396 1802 Videns
2447 1756 2639 1806 autem

1435 1820 1653 1879 Pilatus
1680 1821 1812 1897 quia
1831 1819 1977 1878 nihil
1996 1822 2316 1899 proficeret,
2338 1822 2438 1881 sed
2461 1826 2637 1903 magis

1432 1898 1712 1957 tumultus
1758 1899 1969 1958 fieret:
2025 1908 2254 1978 accepta
2292 1920 2453 1978 aqua,
2501 1902 2640 1963 lavit

1435 1996 1638 2036 manus
1690 1998 1817 2036 suas
1872 1997 2058 2036 coram
2111 1977 2335 2057 popule,
2402 1980 2591 2040 dicens
2621 2003 2636 2054 ;

1436 2075 1493 2112 a.
1525 2055 1807 2115 Innocens
1835 2076 1940 2133 ego
1972 2076 2097 2114 sum
2134 2077 2168 2114 a
2206 2057 2476 2135 sanguine
2496 2061 2639 2138 justi

1438 2129 1607 2211 hujus
1630 2157 1643 2194 ε
1667 2155 1763 2193 vos
1785 2135 2056 2194 videritis.
2098 2155 2173 2192 m.
2197 2134 2276 2193 Et
2295 2139 2641 2215 respondens

1436 2214 1727 2271 universus
1773 2213 2026 2291 popuIUS,
2069 2213 2255 2284 dixit3
2302 2235 2357 2272 a.
2402 2216 2644 2295 Sanguis

1438 2289 1557 2367 ejus
1584 2312 1753 2369 super
1789 2312 1890 2350 nos
1917 2300 1976 2350 et
2003 2311 2170 2369 super
2212 2292 2356 2352 filios
2395 2304 2641 2354 nostros.

1441 2368 1601 2428 Tunc
1632 2371 1849 2429 dimisit
1889 2370 1999 2428 illis
2039 2370 2390 2432 Barrabam:
2439 2373 2482 2432 J
2485 2395 2641 2433 esum

1440 2455 1632 2506 autem
1668 2449 2014 2527 flagellatum
2050 2450 2288 2508 tradidit
2320 2451 2397 2507 eis
2425 2459 2490 2509 ut
2516 2473 2642 2511 cru-

1440 2526 1785 2604 cifigeretur.
1892 2529 2053 2586 Tunc
2119 2527 2327 2586 milites
2389 2531 2645 2607 praesidis

1441 2604 1803 2683 suscipientes
1830 2604 1874 2663 J
1876 2625 2032 2663 esum
2053 2605 2112 2662 in
2134 2607 2487 2684 praetorium,
2510 2629 2642 2667 con·

1440 2692 1822 2761 gregaverunt
1846 2684 1918 2740 ad
1945 2703 2074 2741 eum
2101 2684 2419 2743 universam
2443 2688 2644 2745 cohor-

1440 2770 1584 2819 tem:
1644 2769 1703 2819 et
1755 2769 2027 2818 exuentes
2079 2781 2226 2833 eum,
2288 2762 2642 2841 chlamydem

1440 2839 1751 2897 coccineam
1793 2838 2283 2898 circumdederunt
2310 2841 2379 2913 ei,
2410 2850 2469 2900 et
2493 2841 2644 2921 plec-

1440 2924 1628 2976 tentes
1666 2935 1926 2974 coronam
1981 2917 2051 2974 de
2096 2917 2289 2995 spinis,
2336 2929 2644 2997 posuerunt

1440 3014 1610 3073 super
1674 3002 1841 3073 caput
1893 2993 2014 3070 ejus
2069 3003 2129 3052 et
2179 2998 2514 3056 arundinem
2579 2999 2640 3057 in

1440 3074 1682 3132 dextera
1698 3075 1835 3152 ejus.
1900 3074 1980 3131 Et
1998 3093 2147 3152 genu
2168 3073 2319 3132 flexo
2338 3085 2473 3134 ante
2490 3096 2643 3148 eum,

1441 3151 1757 3212 illudebant
1802 3151 1872 3223 ei,
1919 3152 2205 3222 dicentes3
2255 3173 2308 3209 a.
2353 3154 2483 3212 Ave
2537 3175 2643 3213 rex

1443 3231 1486 3290 J
1487 3232 1796 3290 udaeorum.
1858 3251 1932 3287 m.
1963 3230 2040 3289 Et
2060 3240 2396 3309 exspuentes
2414 3233 2468 3288 in
2492 3254 2642 3306 eum,

1442 3318 1779 3387 acceperunt
1797 3307 2149 3380 arundinem,
2173 3319 2232 3367 et
2251 3311 2643 3387 percutiebant

1442 3398 1610 3466 caput
1631 3388 1767 3467 ejus·
1828 3388 1909 3446 Et
1974 3395 2226 3465 ostquam
2252 3387 2549 3447 illuserunt
2569 3390 2640 3462 ei,

1444 3475 1727 3526 exuerunt
1751 3487 1878 3525 eum
1912 3488 1941 3524 c
1982 3465 2223 3542 lamyde,
2252 3474 2311 3525 et
2337 3467 2644 3527 induerunt

1445 3566 1576 3602 eum
1629 3546 1978 3604 vestimentis
2046 3546 2182 3622 ejuS,
2240 3554 2299 3604 et
2350 3546 2641 3606 duxerunt

1444 3643 1573 3681 eum
1595 3632 1660 3682 ut
1679 3624 2089 3703 crucifigerent.
2120 3622 2412 3683 Exeuntes
2430 3632 2641 3699 autem,

1443 3702 1785 3760 invenerunt
1824 3701 2112 3760 hominem
2140 3702 2497 3779 Cyrenaeum,
2540 3724 2644 3762 no-

1444 3780 1600 3839 mine
1644 3781 1980 3840 Simonem:
2023 3779 2173 3838 hunc
2210 3781 2647 3858 angariaverunt

1440 3868 1509 3917 ut
1534 3859 1761 3919 tolleret
1786 3880 2005 3918 crucem
2036 3859 2170 3938 ejuS.
2260 3859 2340 3917 Et
2369 3869 2646 3920 venerunt

1443 3938 1505 3994 in
1532 3936 1715 3996 locum
1741 3938 1837 4015 qui
1866 3939 2072 3997 dicitur
2098 3936 2356 4016 Golgota,
2384 3940 2531 4014 quod
2559 3949 2648 4000 est

1442 4015 1714 4075 Calvariae
1740 4015 1908 4074 locus.
1963 4016 2041 4074 Et
2064 4017 2346 4075 dederunt
2372 4018 2423 4074 ei
2451 4017 2643 4077 vinum

1446 4096 1641 4153 bibere
1686 4115 1814 4153 cum
1860 4094 1990 4154 felle
2045 4094 2306 4153 mixtum.
2390 4096 2467 4153 Et
2518 4118 2644 4156 cum

1444 4182 1742 4251 gustasset,
1795 4174 1974 4231 noluit
2032 4174 2241 4232 bibere.
2338 4173 2646 4252 Postquam

1446 4261 1635 4311 autem
1685 4252 2092 4313 crucifixerunt
2131 4272 2278 4324 eum,
2332 4252 2648 4316 diviserunt
