2975 5009
376 248 506 316 379
1204 265 1532 319 sAssA’ro
1566 266 1740 318 rosa·
1774 267 2072 316 rAscl-u.
2771 261 2867 323 380

373 420 694 493 tractiones,
723 420 867 480 sicut
906 421 1074 480 modo
1113 423 1294 502 geniti
1335 421 1586 483 infantes
1782 423 2072 484 Similiter
2083 426 2340 500 finiatur
2365 448 2403 484 a
2430 428 2611 485 choro.
2688 429 2868 488 Deinde

372 499 734 559 rationabiles
781 507 843 559 et
896 501 1019 559 sine
1075 501 1206 559 dolo
1252 501 1338 560 lac
1382 522 1585 560 concu-
1701 510 1988 579 repetatur
2013 501 2275 575 Alleluya
2296 506 2419 564 sine
2453 526 2676 564 neuma.

375 579 607 658 piscite:
657 587 722 637 ut
748 577 808 634 in
835 597 902 636 eo
928 580 1187 638 crescatis
1216 580 1274 637 in
1301 579 1541 639 salutem
1567 602 1583 640 z
1781 579 2105 656 Sequentia.

373 657 420 716 si
457 664 652 717 tamen
691 656 927 736 gustatis
967 657 1232 734 quoniam
1277 658 1460 717 dulcis
1500 668 1589 718 est
1702 657 1881 716 Mane
1907 658 2097 736 prima
2121 659 2341 717 sabbati

375 736 675 794 Dominus,
756 736 852 792 Ad
893 755 1062 814 quem
1092 737 1419 796 accedentes
1444 736 1586 814 lapi·
1780 755 2016 815 surgens
2045 734 2158 794 Dei
2186 736 2364 796 Filius

374 815 505 874 dem
540 815 747 885 vivum,
776 815 847 871 ab
885 813 1208 872 hominibus
1275 815 1465 874 uidem
1494 836 1584 874 re-
1858 822 2055 872 nostra
2078 834 2208 891 spes
2234 824 2295 874 et
2317 816 2521 895 gloria.
2623 838 2632 847 ·

415 896 698 964 robatum,
744 912 779 948 a
823 891 949 950 Deo
990 901 1182 951 autem
1231 835 1471 952 electum
1525 903 1585 953 et
1702 890 1878 951 Victo
1905 913 2040 969 rege
2066 891 2313 966 sceleris,

373 914 831 1029 bonorificatum:
865 971 1048 1050 stipsi
1070 980 1339 1049 tanquam
1367 971 1584 1050 lapides
1777 970 1952 1030 rediit
1976 973 2047 1029 ab
2075 970 2289 1044 inferiS,

374 1050 488 1108 vivi
527 1049 1079 1129 superaedificamini,
1115 1050 1310 1108 domos
1350 1050 1579 1128 spiritu-
1855 1069 1982 1108 cum
2010 1069 2232 1107 summa
2256 1050 2511 1110 victoria.

373 1127 507 1201 ales,
561 1128 623 1185 in
676 1128 1046 1186 sacerdotium
1117 1136 1392 1199 sanctum,
1441 1128 1580 1189 offe-
1696 1125 1870 1206 Cujus
1896 1127 2237 1186 resurrectio

375 1216 565 1266 rentes
612 1205 890 1284 spiritales
936 1204 1166 1277 hostiaS,
1214 1226 1341 1265 acce
1383 1206 1582 1266 tabiles
1777 1206 1932 1264 omni
1959 1204 2131 1284 plena
2154 1202 2362 1285 gaudio

372 1284 499 1343 Deo
538 1304 642 1363 per
682 1283 725 1342 J
729 1303 884 1341 esum
926 1283 1235 1342 Christum.
1333 1228 1582 1363 Fropter
1853 1283 2175 1342 consolatur
2204 1284 2410 1343 omnia.

373 1363 520 1441 quod
551 1363 804 1422 continet
829 1362 1140 1441 scriptura:
1182 1362 1327 1422 Ecce
1409 1383 1578 1421 onam
1694 1359 2067 1441 Resurgentis
2094 1363 2283 1440 itaque

372 1442 432 1501 in
462 1441 596 1501 Sion
637 1440 885 1520 lapidem
915 1460 1197 1499 summum
1225 1461 1375 1520 angu
1431 1461 1575 1515 rem,
1773 1441 1965 1498 Maria
1992 1440 2339 1520 Magdalene

370 1527 395 1553 ⁸
415 1522 767 1599 probatum,⁸
806 1518 1067 1591 electum,
1107 1519 1414 1598 pretiosum
1441 1541 1455 1578 :
1517 1530 1577 1580 et
1876 1517 2025 1576 facta
2050 1528 2137 1577 est
2164 1519 2533 1598 praenuncia3

370 1598 552 1657 omnis
579 1599 675 1676 qui
701 1598 1009 1658 crediderit
1035 1599 1096 1655 in
1125 1617 1275 1670 eum,
1298 1618 1412 1656 non
1442 1617 1574 1657 con·
1691 1594 1906 1654 Ferens
1931 1595 2147 1655 Christi
2173 1598 2445 1656 fratribus

368 1676 657 1735 fundetur.
767 1676 948 1735 Vobis
1001 1677 1179 1754 igitur
1224 1674 1407 1733 honor
1453 1697 1574 1736 cre·
1770 1677 1891 1752 ejus
1920 1683 2104 1733 morte
2132 1676 2390 1734 tristibus

368 1756 660 1816 dentibus:
699 1774 812 1811 non
840 1753 1197 1813 credentibus
1217 1764 1408 1814 autem
1430 1754 1486 1812 la
1526 1755 1574 1814 is
1847 1762 2179 1832 exspectata
2202 1755 2425 1833 gaudia.

409 1855 537 1893 uem
578 1834 1026 1912 reprobaverunt
1067 1832 1435 1903 aedificantes,
1478 1776 1572 1893 liic
1689 1829 1743 1889 O
1777 1832 1930 1888 beati
1959 1831 2103 1889 oculi

389 1921 544 1971 actus
586 1923 674 1971 est
719 1911 778 1968 in
824 1920 994 1990 caput
1037 1910 1228 1990 anguli
1251 1934 1264 1970 :
1323 1922 1384 1970 et
1428 1910 1572 1990 lapis
1765 1909 1965 1986 quibus
1994 1910 2211 1988 Regem
2232 1908 2427 1968 saeculi

366 1990 693 2050 offensionis
740 1997 799 2048 et
845 1999 1009 2067 petra
1053 1988 1302 2048 scandali
1344 1988 1432 2048 his
1475 1991 1572 2068 qui
1845 1996 2031 2046 morte
2053 1989 2171 2066 jam
2199 1989 2457 2067 deposita

367 2069 668 2129 offendunt
687 2069 877 2138 verbu,
900 2088 1006 2126 nec
1025 2068 1265 2126 credunt
1291 2067 1351 2124 in
1380 2087 1489 2145 quo
1510 2077 1571 2129 et
1842 2066 2028 2144 prima
2054 2075 2141 2125 est
2166 2067 2375 2125 intuita
2398 2069 2412 2125 1

365 2147 534 2227 positi
572 2154 722 2204 sunt.
808 2144 930 2203 Vos
949 2154 1140 2203 autem
1156 2144 1186 2182 ¹³
1220 2164 1399 2223 genus
1425 2144 1569 2205 elec·
1685 2142 1832 2202 Haec
1859 2152 1944 2202 est
1969 2144 2068 2203 illa
2091 2144 2321 2203 foemina

363 2236 509 2295 tum,
537 2223 726 2303 regale
766 2223 1161 2294 sacerdotium,
1190 2243 1330 2300 gens
1355 2233 1565 2297 sancta,
1763 2222 1919 2300 cujus
1945 2233 2147 2281 cuncta
2172 2223 2414 2280 crimina

362 2302 602 2383 populus
642 2301 1022 2378 acquisitionis
1046 2323 1060 2360 :
1109 2310 1174 2360 ut
1201 2302 1440 2361 virtutes
1465 2323 1566 2360 an·
1839 2301 1912 2358 ad
1937 2301 2153 2362 Christi
2180 2301 2416 2379 vestigia

362 2380 645 2440 nuncietis
698 2381 816 2458 ejus
874 2379 972 2455 qui
1036 2379 1110 2438 de
1160 2381 1414 2438 tenebris
1466 2400 1565 2439 vos
1840 2378 1959 2457 ejus
1985 2378 2124 2438 lavit
2149 2380 2351 2460 gratia.

361 2458 580 2518 vocavit
629 2456 689 2515 in
741 2456 1072 2516 admirabile
1134 2456 1326 2516 lumen
1379 2478 1561 2519 suum.
1686 2455 1833 2524 Quae
1860 2458 1996 2516 dum
2028 2464 2049 2500 1'
2066 2455 2251 2536 plorat
2276 2467 2337 2517 ct
2362 2475 2526 2515 mens
2552 2455 2714 2530 orat,‘

359 2538 471 2606 Qui
497 2536 800 2613 aliquando
824 2554 939 2592 non
980 2533 1217 2614 populus
1253 2536 1383 2608 Dei,
1412 2557 1564 2596 nunc
1758 2534 1905 2594 facto
1931 2535 2138 2595 clamat
2169 2537 2320 2613 quod
2347 2554 2446 2594 cor
2471 2544 2624 2594 amat

356 2624 548 2674 autern
568 2614 806 2693 populus
828 2613 956 2673 Dei.
1017 2616 1095 2674 Et
1114 2615 1345 2692 quinon
1368 2634 1560 2675 conse·
1836 2613 1879 2672 J
1882 2634 2037 2672 esum
2065 2635 2235 2694 super
2262 2615 2469 2672 omnia.

356 2695 472 2753 cuti
488 2693 948 2765 misericordiam,
967 2713 1116 2751 nunc
1131 2701 1322 2752 autem
1340 2693 1561 2753 miseri·
1677 2688 1813 2749 Non
1842 2692 2066 2770 ignorat
2090 2713 2257 2771 quem
2286 2693 2507 2765 adorat,

355 2774 603 2833 cordiam
631 2772 932 2831 consecuti.
1755 2770 1892 2846 quid
1919 2781 2216 2849 precetur3
2256 2772 2357 2830 sed
2385 2769 2609 2829 deletur

432 2853 568 2910 Duo
597 2852 772 2928 pueri
802 2851 869 2908 in
893 2849 1300 2928 superpelliciis
1326 2851 1392 2908 in
1422 2850 1558 2928 pul-
1833 2849 1983 2926 quod
2010 2869 2171 2908 mens
2197 2849 2365 2908 timet
2392 2850 2626 2907 conscia.

343 2930 472 3009 pito
498 2930 711 3001 dicant,
1679 2924 1733 2984 Ο
1759 2924 1969 2999 Maria,
1996 2936 2180 2986 mater
2212 2928 2323 3006 pia,

423 3006 696 3077 Alleluya.
746 3006 806 3060 V.
898 3005 1035 3061 Haec
1075 3004 1189 3060 dies
1224 3022 1387 3076 quam
1430 3005 1558 3060 fecit
1753 3003 1917 3064 stella
1944 3006 2117 3064 maris
2142 3005 2445 3085 appellaris

351 3078 631 3146 Dominus,
653 3077 980 3131 exsultemus
1004 3082 1059 3130 et
1085 3075 1333 3131 laetemur
1356 3076 1416 3128 in
1440 3086 1549 3131 ea.⁰
1831 3103 2064 3161 operum
2091 3105 2194 3162 per
2220 3085 2427 3143 merita
2451 3087 2467 3144 ζ

415 3148 494 3207 N
487 3171 559 3207 on
574 3157 855 3226 repetatur
869 3148 1140 3219 Alleluya.
1198 3145 1343 3204 “Nu
1419 3169 1555 3206 uam
1671 3160 1855 3218 Matri
1882 3162 2095 3221 Christi
2120 3172 2408 3241 coaequata

349 3229 503 3287 enim
527 3235 810 3304 ‘repetatur
825 3228 1088 3305 Primum
1112 3224 1371 3296 Alleluya
1423 3235 1556 3304 1⁰0·ss
1749 3239 1886 3296 dum
1914 3241 2072 3298 fuisti
2097 3241 2176 3299 sic
2201 3252 2414 3312 vocata,
2913 3292 2914 3301 ,

348 3327 515 3364 suum
544 3305 773 3364 Versum
795 3306 1020 3382 quando
1037 3305 1147 3362 duo
1175 3304 1434 3375 Alleluya
1450 3305 1552 3361 Ῑια-
1828 3319 1925 3376 sed
1953 3318 2166 3387 honore
2193 3321 2437 3378 subdita,
2913 3306 2914 3351 l

349 3386 544 3443 beatur
554 3406 576 3455 ἰ
614 3384 709 3441 ’38ίῖ
733 3384 1035 3441 secundum
1061 3381 1319 3453 Alleluya
1341 3403 1554 3459 86‘mP2‘r
1673 3393 1783 3452 Illa
1808 3397 2008 3455 mundi
2040 3399 2378 3476 imperatrix

346 3471 628 3540 ‘repetatur
639 3470 767 3538 post
781 3482 947 3519 suum
976 3460 1223 3519 Versum.
1266 3460 1552 3518 Similiter
1747 3476 1858 3533 ista
1884 3477 2047 3534 beata
2081 3478 2364 3554 peccatrix
2382 3443 2399 3469 ⁹
2911 3432 2912 3495 l

334 3543 450 3617 fiat
470 3541 695 3617 quando
715 3560 894 3596 unum
912 3539 1092 3595 solum
1112 3537 1368 3607 Alleluya
1386 3538 1551 3596 liabe-
1823 3551 2045 3612 laetitiae
2073 3521 2389 3632 primm-(113⁹,
2908 3576 2910 3637 Α

345 3627 458 3677 tur.
518 3618 740 3676 Deinde
762 3617 873 3673 alii
893 3615 1004 3672 duo
1016 3614 1189 3691 pueri
1209 3614 1286 3670 ad
1304 3616 1548 3689 yradum
1820 3631 2091 3691 fuderunt
2116 3633 2173 3689 i„
2204 3633 2450 3692 ecclesia·
2907 3678 2908 3687 ἵ

345 3698 502 3756 chori
527 3697 594 3754 in
619 3717 753 3773 supe
855 3693 1029 3750 lliciis
1057 3693 1088 3725 θ’
1112 3699 1333 3780 cantent
1360 3693 1514 3750 hoa*
1665 3706 1772 3765 Illa
1800 3710 1950 3768 onim
1978 3708 2087 3768 fuit
2111 3721 2279 3789 Porta
2903 3744 2908 3795 j

414 3774 687 3844 Aueluya·
791 3812 803 3826 ·
877 3770 1119 3835 Lamiam
1149 3786 1318 3850 ,Pium
1364 3770 1546 3824 D0ffli’
1742 3808 1846 3866 per
1873 3808 2040 3865 quam
2068 3787 2175 3847 fuit
2201 3788 2300 3846 lux
2331 3798 2568 3863 exorta3

341 3863 505 3899 num:
545 3843 762 3927 laudate
785 3857 983 3895 nomen
1009 3840 1271 3922 Domini.e
1819 3866 1943 3925 haec
1971 3869 2318 3946 resurgentis
2334 3877 2363 3914 ε
2389 3871 2591 3929 nuncia
2610 3874 2640 3912 Β

419 3917 761 3994 Etflmatur
776 3934 814 3970 a
831 3913 1008 3970 chore.
1057 3911 1268 3969 Statim
1282 3921 1547 3988 sequatur
1819 3947 2093 4003 mundum
2124 3945 2308 4024 replet
2333 3945 2554 4007 laetitia·

341 3996 494 4053 alius
526 3991 741 4083 ‘Versus
769 3991 838 4047 ab
866 3989 1070 4078 eisdem
1093 3990 1303 4078 pueris.
1515 4060 1522 4075 ἱ
1661 4021 1714 4080 O
1740 4022 1931 4081 Maria
1957 4023 2301 4102 Magdalena

351 4074 412 4128 V.
486 4072 570 4127 S1t
593 4085 789 4122 nomen
816 4067 1035 4120 Dom1n1
1071 4067 1409 4121 benedictum
1439 4087 1450 4121 z
1477 4085 1544 4122 ex
1738 4102 1871 4159 audi
1899 4110 2027 4161 vota
2051 4102 2216 4161 laude
2243 4070 2431 4181 Plzma,

337 4142 439 4198 hoc
463 4158 610 4196 nunc
634 4146 689 4194 et
715 4155 881 4207 usque
905 4137 962 4189 in
988 4137 1260 4192 saeculum.

336 4249 364 4278 a
400 4255 511 4293 „011
536 4237 740 4291 bahem,
763 4234 847 4288 98,
875 4233 941 4286 V,
1661 4239 1686 4269 e
1722 4230 1810 4284 Ps.
1837 4230 1960 4285 cxii.
1990 4230 2158 4302 (cxiii.
2186 4231 2233 4300 1,
2260 4232 2338 4303 2.)

335 4311 364 4349 b
399 4307 699 4365 egffig‚.-92,
728 4305 813 4360 98,
840 4304 937 4358 4L.
966 4303 1051 4359 57.
1660 4300 1681 4339 ¹
1717 4306 1848 4370 orat,
1877 4308 1932 4356 et
1956 4319 2108 4355 mens
2168 4301 2483 4357 lorat.—92.
2510 4303 2593 4357 98.

333 4392 358 4420 ⁰
397 4381 483 4434 Ps.
510 4378 667 4434 cxvii.
703 4375 901 4449 (cxviii.
928 4374 1041 4445 24.)
1656 4382 1685 4420 8
1718 4372 2121 4444 praenuncia.—
2156 4373 2207 4428 2.
2235 4372 2319 4428 94.
2348 4373 2435 4431 97.
2462 4374 2546 4431 98.
2576 4372 2668 4427 4L.
2692 4370 2768 4425 57.

333 4451 363 4489 d
400 4467 509 4504 non
534 4449 737 4503 habent
761 4447 846 4503 92.
874 4446 959 4500 98.
987 4444 1084 4498 4L.
1113 4445 1198 4500 57.

329 4558 364 4592 ἦ
401 4559 582 4612 dicant
605 4558 696 4612 hoc
720 4553 1121 4612 mod0.—Grad.
