2975 5009
138 234 267 299 185

226 403 537 463 Gradale.⁸

208 483 305 536 Ad
331 482 620 537 Dominum
639 499 762 537 cum
781 481 1068 537 tribularer
1088 480 1319 537 clamavi

144 562 199 607 et
220 554 497 608 exaudivit
518 571 621 607 me.

156 625 214 678 V.
290 624 534 694 Domine,
584 624 753 679 libera
806 622 1049 677 animam
1097 640 1272 677 meam
1320 641 1354 677 a

147 694 305 751 labiis
328 695 532 765 iniquis
559 715 570 750 ς
597 701 654 748 et
677 712 711 748 a
732 693 923 765 lingua
946 693 1141 748 dolosa.

226 768 482 825 Tractus.
583 765 812 829 Domine
871 782 982 818 non
1043 764 1351 817 secundum.

148 845 344 917 Quaere
368 865 545 926 cupra
555 844 723 923 feria
749 854 900 905 sexta
931 845 1190 919 Quattuor
1216 857 1355 906 tem-

289 944 366 983 m.

143 946 551 1066 andum
576 1001 656 1059 M
657 1002 968 1061 atthaeum.b

227 1079 303 1140 In
318 1080 431 1141 ,illo
456 1092 733 1159 tempore,
772 1081 942 1139 Dixit
980 1081 1152 1141 Jesus
1191 1082 1355 1141 disci-

154 1157 295 1237 pulis
322 1159 439 1234 suis
467 1166 526 1218 et
552 1159 735 1217 turbis
762 1160 805 1217 J
807 1160 1095 1219 udaeorum
1120 1183 1136 1232 ;
1167 1161 1363 1220 Homo

157 1238 383 1315 quidam
432 1246 555 1296 erat
589 1237 1009 1316 paterfamilias,
1057 1241 1157 1316 qui
1201 1239 1360 1319 plan·

79 1386 83 1390 ,
157 1317 297 1375 tavit
313 1316 558 1388 vineam,
588 1324 647 1374 et
673 1337 864 1395 sepem
891 1318 1263 1377 circumdedit
1290 1319 1362 1389 ei,

160 1401 217 1453 et
252 1393 398 1452 fodit
435 1394 497 1452 in
544 1415 612 1453 ea
656 1392 919 1467 torcular,
964 1404 1023 1455 et
1065 1397 1366 1456 aedificavit

159 1473 385 1543 turrim,
432 1479 492 1531 et
543 1472 745 1532 locavit
799 1494 923 1532 eam
976 1475 1251 1552 agricoliS,
1306 1484 1365 1535 et

154 1570 399 1629 peregre
451 1550 733 1629 profectus
783 1560 886 1611 est.
977 1553 1121 1613 Cum
1174 1563 1364 1613 autem

160 1638 379 1706 tempus
394 1629 675 1687 fructuum
685 1630 1200 1721 appropinquasset,
1215 1634 1371 1692 misit

163 1725 343 1766 servos
370 1728 500 1766 suos
527 1708 600 1765 ad
625 1708 909 1787 agricolas,
946 1719 1013 1768 ut
1051 1711 1371 1789 acciperent

164 1784 369 1845 fructus
438 1787 577 1864 ejus.
676 1788 756 1847 Et
820 1808 854 1844 a
892 1786 1100 1860 ricolae,
1167 1810 1372 1869 appre-

167 1863 347 1924 hensis
390 1866 571 1923 servis
617 1865 754 1942 0303,
808 1809 980 1925 alium
1027 1868 1368 1940 ceciderunt,

167 1942 330 2001 alium
360 1943 707 2015 occiderunt,
736 1943 906 2002 alium
935 1966 1070 2003 vero
1089 1945 1369 2025 lapidave-

168 2029 311 2079 runt.
395 2021 621 2081 Iterum
644 2023 799 2081 misit
815 2022 953 2081 alios
975 2043 1162 2083 servos
1183 2024 1371 2103 plures

168 2099 461 2234 Εἷίοτῖὺυε,
516 2108 577 2159 et
626 2100 881 2159 fecerunt
933 2101 1042 2161 illis
1089 2102 1368 2162 similiter.

229 2179 489 2237 ovissime
515 2186 703 2236 autem
745 2179 900 2238 misit
938 2181 1010 2238 ad
1052 2201 1147 2240 eos
1187 2182 1367 2239 filium

168 2275 341 2328 suum,
362 2256 596 2328 dicens3
626 2255 1001 2344 Versebuntur
1020 2257 1167 2319 forte
1188 2259 1370 2317 filium

170 2355 370 2396 meum.
458 2334 747 2414 Agricolae
769 2345 959 2394 autem
982 2338 1237 2397 videntes
1260 2337 1370 2396 fili-

168 2433 259 2470 um
286 2413 566 2471 dixerunt
591 2413 747 2472 intra
786 2434 846 2473 se
871 2435 883 2471 ε
929 2415 1046 2473 Η10
1075 2425 1159 2474 est
1190 2415 1375 2488 hereS,

170 2492 372 2563 venite,
415 2492 730 2550 occidamus
759 2513 908 2564 eum,
949 2501 1010 2552 et
1045 2494 1373 2554 habebimus

170 2568 546 2629 hereditatem
588 2571 726 2649 0303.
835 2571 915 2630 Et
956 2572 1371 2651 apprehensum

171 2667 296 2706 eum
336 2649 632 2727 ejecerunt
671 2657 837 2707 extra
862 2650 1100 2724 vineam,
1143 2659 1202 2711 et
1237 2652 1374 2711 occi-

170 2726 390 2785 derunt.
475 2725 621 2786 Cum
667 2748 801 2807 ergo
841 2730 1062 2787 venerit
1114 2730 1379 2790 dominus

172 2805 365 2878 vineae,
387 2805 526 2883 quid
547 2803 711 2864 faciet
725 2807 980 2885 agricolis
996 2806 1142 2868 illis?
1199 2811 1380 2869 Aiunt

173 2881 282 2956 illi;
330 2881 522 2941 Malos
575 2883 721 2943 male
764 2886 998 2964 perdet:
1054 2895 1113 2945 et
1152 2889 1378 2947 vineam

173 2980 322 3019 suam
344 2959 555 3021 locabit
573 2961 697 3020 aliis
720 2963 994 3041 agricolis,
1011 2965 1108 3041 qui
1136 2967 1380 3025 reddant

175 3039 223 3097 ei
244 3039 494 3099 fructum
515 3041 864 3119 temporibus
882 3044 1012 3100 suis,
1095 3044 1251 3103 Dicit
1270 3044 1381 3102 illis

174 3116 215 3175 J
217 3138 337 3176 esus
358 3140 375 3189 ;
399 3118 713 3195 Nunquam
731 3119 944 3200 legistis
962 3124 1020 3178 in
1042 3122 1379 3201 Scripturis:

176 3194 471 3275 Lapidem,
514 3217 682 3274 quem
711 3201 1157 3278 reprobaverunt
1199 3200 1381 3260 aedifi-

177 3285 381 3348 canteri,
411 3274 507 3333 hic
533 3276 710 3334 factus
744 3288 830 3337 est
857 3277 917 3334 in
944 3287 1114 3357 caput
1144 3279 1335 3358 anguli
1358 3282 1382 3340 ἓ

180 3352 236 3411 A
278 3353 530 3412 Domino
580 3353 791 3414 factum
840 3365 927 3414 est
963 3357 1130 3429 istud,
1187 3367 1246 3417 et
1299 3368 1385 3418 est

180 3432 436 3491 mirabile
479 3433 540 3489 in
583 3432 753 3491 oculis
791 3435 1032 3493 nostris:
1082 3435 1224 3495 Ideo
1259 3437 1384 3495 dico

179 3511 348 3582 vobis,
385 3512 522 3590 quia
559 3511 843 3570 auferetur
874 3534 908 3570 a
946 3515 1103 3572 vobis
1141 3534 1384 3593 regnum

181 3588 304 3662 Dei,
342 3598 405 3649 et
442 3589 671 3648 dabitur
708 3591 867 3669 genti
905 3590 1132 3651 facienti
1172 3591 1385 3652 fructus

181 3666 313 3745 0303.
396 3665 480 3727 Et
506 3668 604 3745 qui
644 3669 908 3727 ceciderit
933 3691 1101 3749 super
1138 3670 1384 3750 lapidem

181 3743 369 3818 istum,
399 3748 820 3825 confringetur:
861 3768 1030 3826 super
1056 3768 1224 3827 quem
1250 3769 1386 3808 vero

182 3824 462 3896 ceciderit,
481 3832 736 3883 conteret
752 3846 899 3883 eum.
963 3826 1042 3885 Et
1057 3849 1184 3885 cum
1202 3828 1386 3886 audis-

182 3909 308 3959 sent
332 3903 622 3982 principes
643 3904 995 3963 sacerdotum
1023 3913 1081 3964 et
1109 3906 1387 3966 Pharisaei

183 3981 474 4067 parabolas
515 3982 652 4059 0303,
693 3992 1079 4060 cognoverunt
1125 3985 1274 4062 quod
1312 3986 1385 4045 de

183 4057 314 4137 lpsis
349 4059 585 4120 diceret.
668 4058 746 4120 Et
778 4071 1096 4139 quaerentes
1131 4084 1260 4122 eum
1301 4072 1387 4122 te-

509 247 730 296 mnu
759 247 857 296 VI.

183 4274 211 4304 ⁸
244 4270 328 4326 Ps.
356 4271 500 4327 cxix.
550 4287 668 4326 cxx.
697 4273 744 4342 1,
770 4270 851 4342 2.)

185 4336 209 4369 ι’
241 4360 355 4415 cap.
383 4344 496 4397 xxi.
576 4386 587 4397 .
641 4361 688 4397 v.
718 4341 937 4415 33-46.)

182 4422 206 4451 ⁰
243 4413 329 4468 Ps.
356 4414 542 4469 xxxix.
571 4413 595 4485 (
655 4455 665 4466 .
692 4414 778 4484 13,
808 4410 919 4486 14.)

182 4482 211 4523 ‘¹
243 4484 612 4540 volunt.-92.
638 4483 722 4539 98.
760 4484 858 4539 4L.

1068 247 1240 296 Pom*
1274 246 1789 298 REMINISCERE.

1998 249 2345 301 sABBAro.
2556 235 2683 299 186

1466 424 1623 476 nere,
1645 407 1968 468 timuerunt
1991 410 2218 467 turbas:
2250 408 2515 486 quoniam
2538 408 2688 468 sicut

1467 484 1805 564 prophetam
1835 507 1966 547 eum
1995 487 2299 546 habebant.

1550 564 1959 639 (),θ’0’νέοἰ·ἰῖτιτη.θ

1541 640 1784 712 Domine,
1825 645 1884 697 in
1919 643 2184 699 auxilium
2223 660 2403 697 meum
2447 643 2680 715 respice:

1468 712 1874 769 confundantur
1891 722 1947 770 et
1964 720 2308 769 revereantur
2320 714 2414 785 qui
2430 720 2685 784 quaerunt

1468 783 1709 838 animam
1734 803 1909 840 meam
1934 806 1944 840 :
1973 792 2035 840 ut
2059 786 2308 840 auferant
2331 803 2466 839 eam.

1481 855 1542 908 V.
1616 856 1953 912 Avertantur
1967 863 2254 912 retrorsum
2270 862 2326 911 et
2343 858 2681 911 erubescant:

1393 957 1397 961 -
1469 926 1565 997 qui
1590 924 1619 963 ἃ
1633 928 1874 999 cogitant
1891 927 1920 966 ἅ
1943 929 2080 983 mihi
2104 927 2263 983 mala.

1556 997 1793 1059 Secreta.

1553 1078 1699 1137 Haec
1758 1079 1818 1136 in
1873 1080 2031 1139 nobis
2086 1077 2379 1150 sacrificia,
2433 1077 2684 1138 Domine

1472 1155 1649 1229 DeuS,
1688 1165 1749 1217 et
1779 1159 2000 1218 actione
2042 1165 2420 1238 permaneant
2452 1166 2511 1217 et
2548 1178 2679 1236 ope—

1474 1235 1697 1294 ratione
1725 1236 2050 1298 firmentur.
2135 1237 2252 1294 Per
2274 1237 2606 1295 Dominum.

1556 1310 1853 1391 Praefatio,
1939 1316 2055 1386 Qui
2083 1315 2360 1394 corporali
2380 1316 2622 1394 30301110.

1560 1392 1939 1453 Communiae

1548 1470 1643 1539 Tu,
1672 1471 1915 1541 Domine,
1938 1472 2169 1527 servabis
2188 1488 2316 1524 nos:
2343 1476 2397 1524 et
2421 1470 2685 1525 custodies

1478 1558 1577 1595 nos
1601 1559 1635 1594 a
1657 1544 2000 1613 generatione
2023 1543 2123 1597 hac
2144 1543 2204 1595 in
2229 1548 2509 1597 aeternum.

1561 1610 2031 1671 PostcommuniO.

1548 1691 1660 1750 Fac
1678 1712 1796 1760 003,
1813 1690 2081 1762 Domine,
2098 1709 2439 1770 (1000300103,
2455 1698 2685 1768 accepto

1480 1770 1719 1850 pignore
1772 1769 1967 1830 salutis
2020 1779 2271 1840 aeternae,
2317 1770 2396 1827 sic
2448 1770 2685 1828 tendere

1481 1858 1860 1927 congruenter
1890 1871 1904 1921 ;
1960 1857 2027 1907 ut
2078 1849 2150 1907 ad
2205 1868 2331 1907 eam
2385 1848 2686 1927 pervenire

1482 1929 1774 2007 possimus,
1859 1928 1974 1987 Per
2004 1927 2331 1986 Dominum.

1568 2005 1751 2084 Super
1778 2004 2084 2085 Populum.

1564 2084 1881 2146 Humiliate
1909 2085 2092 2165 capita
2117 2091 2306 2144 vestra
2335 2083 2476 2143 Dee.

1566 2164 1786 2223 Oratio,

1564 2242 1674 2314 Da,
1702 2262 2039 2321 (1000301003,
2068 2242 2330 2312 Domine,
2360 2239 2564 2321 populo
2591 2248 2689 2298 tuo

1486 2321 1725 2381 salutem
1774 2324 1981 2381 mentis
2022 2330 2081 2381 et
2119 2321 2385 2400 corporiS,
2426 2328 2490 2378 ut
2531 2321 2691 2379 bonis

1489 2401 1749 2479 operibus
1765 2400 2113 2471 inhaerendO,
2130 2409 2245 2459 tuae
2265 2419 2489 2478 semper
2513 2399 2689 2455 virtu-

1486 2480 1560 2539 tis
1589 2488 1875 2539 mereatur
1894 2479 2243 2560 protectione
2262 2478 2509 2538 defendi.
2576 2477 2693 2536 Per

1488 2559 1817 2617 Dominum.

1593 2716 1911 2791 Sabbato
1941 2725 2094 2809 post
2126 2713 2636 2787 Reminiscere.

1570 2815 1679 2872 Aa
1704 2813 1967 2871 Missam.
2053 2811 2361 2887 Officiwn.f

1571 2892 1700 2951 Lex
1742 2890 1975 2950 Domini
2015 2888 2523 2967 irreprehensibilis
2562 2907 2694 2946 con-

1493 2979 1721 3030 vertens
1760 2971 2014 3028 animas:
2043 2967 2432 3026 testimonium
2462 2965 2696 3026 Domini

1495 3049 1681 3121 fidele,
1710 3049 2046 3127 sapientiam
2075 3053 2351 3124 praestans
2377 3042 2643 3123 parvulis.

1572 3128 1890 3186 Psalmusss

1566 3205 1701 3260 Coeli
1734 3208 1990 3259 enarrant
2024 3200 2249 3273 gloriam
2286 3197 2419 3255 Dei:
2462 3204 2517 3253 et
2541 3215 2700 3269 opera

1495 3285 1756 3330 manuum
1776 3276 1893 3348 ejus
1916 3272 2215 3329 annunciat
2237 3271 2652 3333 firmamentum.

1576 3349 1895 3407 Flectamus
1921 3366 2121 3428 genua.
2199 3344 2435 3403 Levate.

1577 3428 1798 3487 Oratio,

1576 3508 1684 3577 Da,
1751 3522 2087 3585 (1000300103,
2164 3501 2426 3572 Domine,
2493 3498 2702 3557 nostris

1499 3581 1763 3643 effectum
1792 3582 2025 3663 jejuniis
2056 3581 2392 3640 salutarem:
2435 3588 2501 3638 ut
2538 3577 2697 3635 casti-

1496 3664 1650 3743 gatio
1702 3662 1884 3721 carnis
1923 3669 2224 3740 assumpta,
2268 3659 2341 3717 ad
2381 3665 2699 3717 nostrarum

1499 3741 1912 3819 vegetationem
1930 3748 2180 3799 transeat
2196 3739 2533 3796 animarum.
2590 3733 2703 3791 Per

1497 3819 1827 3879 Dominum.

1575 3898 1768 3957 Lectio
1796 3896 1933 3954 libri
1965 3891 2218 3953 Genesis?
2230 3890 2261 3928 ¹²

1582 3977 1655 4034 In
1696 3977 1892 4035 diebus
1931 3973 2058 4044 illis,
2099 3972 2266 4031 Dixit
2301 3969 2557 4029 Rebecca
2584 3967 2705 4028 filio

1501 4074 1601 4115 suo
1611 4054 1655 4113 J
1654 4056 1812 4126 acob3
1834 4052 2048 4111 Audivi
2059 4059 2282 4132 patrem
2292 4057 2453 4108 tuum
2469 4047 2704 4126 loquen-

1504 4278 1528 4306 ⁶
1565 4267 1651 4321 Ps.
1681 4266 1751 4319 xi.
1781 4265 1895 4337 (xii.
1926 4266 2000 4337 7.)

1500 4341 1522 4381 ἴ
1553 4340 1637 4393 Ρ3.
1667 4337 1813 4391 xviii.
1842 4336 1971 4408 (xix.
2002 4334 2076 4405 7.)

1497 4423 1526 4461 ε
1558 4412 1629 4465 ib.
1659 4409 1729 4481 (v.
1759 4407 1834 4478 1.)

1498 4483 1527 4520 h
1564 4499 1675 4553 cap.
1705 4477 1867 4533 xxvii.
1894 4476 1965 4529 A.
1997 4474 2067 4545 (v.
2094 4471 2277 4543 6-39.)
