2975 5009
96 265 227 336 593

176 447 208 479 ⁸
232 438 379 500 Post
418 439 788 519 inceptionem
826 437 1014 499 Credo
1052 439 1113 497 in
1140 459 1317 498 unum

106 519 316 589 Deum,
361 518 594 576 reversis
639 518 924 575 ministris
976 518 1045 576 de
1087 518 1317 596 pulpito

104 598 182 658 'ad
222 597 425 670 altare,
452 596 724 654 diaconus
758 596 967 654 librum
1003 597 1315 673 Evanyelii

104 675 384 736 sacerdoti
418 675 684 753 porriyat
730 674 1182 746 deosculandum,
1228 675 1314 733 vel

106 755 258 814 alias
301 753 538 811 Textum
564 753 844 831 accipiens
869 752 939 812 de
972 773 1150 811 manu
1184 754 1310 811 sub-

105 832 357 904 diaconi,
397 832 587 908 ipsum
630 831 907 888 sacerdoti
937 831 1204 908 porriyat
1244 832 1311 890 in

105 911 316 970 dextris
331 910 448 985 ejus
461 909 828 967 osculandum
838 931 864 981 ‚·
879 909 1081 968 deinde
1096 910 1310 987 acolyto

106 990 468 1048 ministrante
517 988 872 1060 subdiacone,
937 989 1309 1046 subdiaconus

106 1068 225 1146 ipsi
250 1067 509 1124 diacono.

199 1146 450 1205 Postea⁸
491 1150 757 1221 sequatur
801 1143 1082 1203 Dominus
1126 1144 1308 1203 vobis·

104 1244 234 1283 cum
300 1230 355 1281 et
423 1221 684 1282 OremuS.
802 1222 1029 1281 Deinde
1092 1222 1310 1281 dicitur

109 1301 488 1380 offertorium.

184 1380 333 1439 Post
369 1378 731 1455 offertorium
756 1398 881 1437 vero
909 1378 1177 1456 porriqat
1215 1379 1306 1437 di-

106 1480 317 1518 aconus
355 1457 632 1515 sacerdoti
667 1457 899 1515 calicem
932 1477 1060 1515 cum
1091 1466 1309 1534 patena

106 1548 159 1598 et
192 1535 494 1611 sacmjficiO,
534 1543 585 1594 et
622 1536 894 1594 osculetur
929 1555 1166 1593 manum
1190 1537 1307 1613 ejus

106 1626 349 1693 utraque
371 1614 507 1672 vice.
608 1613 741 1691 Ipse
778 1633 904 1672 vero
930 1614 1210 1691 accipiens
1237 1616 1307 1673 ab

107 1717 171 1755 eo
217 1695 469 1764 calicm,
515 1692 815 1769 diliyenter
861 1700 1038 1769 ponat
1081 1692 1148 1749 in
1194 1692 1309 1751 loco

106 1796 209 1834 suo
252 1772 433 1831 debito
473 1792 639 1849 super
678 1770 928 1828 medium
970 1771 1149 1827 altare
1178 1792 1201 1842 ,·
1257 1779 1308 1829 et

108 1852 388 1912 inclinato
399 1870 709 1927 parumper
726 1849 887 1906 elevet
901 1848 1130 1906 calicem
1149 1857 1306 1907 utra·

107 1952 215 2009 que
230 1950 427 2000 manu,
436 1929 661 2005 offe-rens
674 1926 1022 2002 sacrificium
1036 1927 1306 2000 Domino,

106 2009 349 2069 dicendo
374 2009 519 2067 hanc
551 2006 896 2066 Orationem.

189 2088 443 2166 Suscipe,
485 2085 695 2146 Sancta
732 2083 1004 2155 TrinitaS,
1030 2081 1175 2141 hanc
1210 2085 1309 2142 ob-

105 2166 404 2236 lationem,
470 2184 602 2222 uam
629 2182 734 2243 ego
759 2162 1024 2241 indignus
1051 2169 1311 2240 peccator

105 2245 294 2306 offero
335 2244 395 2302 in
493 2262 664 2302 onore
709 2249 828 2312 tuo,
877 2243 1058 2300 beatae
1103 2240 1310 2300 Mariae

104 2332 170 2386 et
224 2323 476 2382 omnium
534 2328 857 2380 sanctorum
911 2328 1154 2391 tuorum,
1207 2339 1314 2397 pro

107 2403 350 2484 peccatis
376 2410 436 2462 et
462 2398 864 2460 offensionibus
891 2399 1066 2458 meis:
1108 2406 1170 2456 et
1208 2417 1314 2476 pro

103 2481 291 2543 salute
354 2482 611 2539 vivorum
679 2486 738 2537 et
802 2477 999 2555 requie
1056 2476 1311 2536 omnium

109 2558 366 2620 fidelium
395 2557 809 2618 defunctorum.

190 2638 268 2697 In
288 2638 518 2696 nomine
537 2634 727 2695 Patris
748 2642 810 2694 et
828 2633 963 2693 Filii
983 2640 1043 2692 et
1065 2632 1313 2711 Spiritus

108 2716 306 2777 Sancti
332 2723 620 2794 acceptum
662 2713 736 2772 sit
769 2711 1146 2791 omnipotenti
1187 2713 1312 2771 Deo

105 2795 216 2856 hoc
240 2793 576 2853 sacrificium
603 2811 831 2851 novum.

184 2873 471 2950 Dictaque
501 2870 789 2942 Oratione,
814 2875 1047 2945 reponat
1080 2867 1311 2926 calicem

103 2961 157 3012 et
170 2951 456 3030 cooperiat
474 2969 602 3007 eum
620 2947 1015 3026 corporalibus,
1028 2954 1314 3024 ponatque

97 3049 317 3110 panem
341 3047 509 3103 super
545 3025 866 3101 corporalia
903 3023 1149 3081 decenter
1184 3033 1312 3082 ante

105 3109 345 3169 calicem
369 3105 570 3162 vinum
594 3110 645 3160 et
670 3121 881 3179 aquam
906 3101 1312 3174 continentem;

102 3194 157 3247 et
181 3185 459 3245 osculetur
473 3189 766 3260 patenam,
792 3187 844 3238 et
867 3186 1099 3255 reponat
1123 3199 1248 3237 eam
1275 3200 1314 3237 a

103 3264 321 3325 dextris
359 3260 390 3299 b
407 3258 684 3337 sacrificii
701 3263 730 3304 b
762 3277 930 3335 super
965 3255 1187 3328 Altare,
1214 3257 1314 3314 sub

102 3341 494 3420 corporalibus
510 3358 727 3417 parum
953 3334 965 3347 ⁸
1105 3379 1120 3392 .
1187 3333 1314 3393 Hoc

95 3427 350 3501 peractO,
373 3418 622 3495 accipiat
646 3414 994 3474 thuribulum
1018 3433 1055 3470 a
1073 3412 1312 3472 diacono

104 3508 161 3558 et
187 3499 468 3575 thurificet
491 3494 858 3572 sacrificium,
878 3492 1133 3551 videlicet
1157 3493 1314 3550 ultra

104 3586 195 3637 ter
216 3576 444 3652 siynum
469 3575 649 3633 crucis
658 3572 882 3649 faciens
901 3578 952 3630 et
976 3571 1044 3629 in
1068 3571 1313 3629 circuitu

107 3665 161 3717 et
180 3675 249 3713 ω)
265 3662 503 3731 utraque
517 3660 687 3731 parte
705 3650 901 3709 calicis
920 3658 971 3707 et
988 3649 1267 3727 sacrificii
1284 3670 1309 3721 ,-

107 3733 315 3793 deinde
341 3741 367 3771 ⁰
387 3732 568 3790 locum
594 3739 679 3789 ter
698 3744 724 3774 ⁰
748 3730 899 3787 inter
930 3748 984 3785 se
1016 3735 1067 3785 et
1107 3729 1306 3785 altare.

109 3810 203 3871 Et
243 3810 383 3869 dum
425 3810 729 3887 thurificat,
772 3807 929 3865 dicat
967 3826 1188 3864 versum
1226 3826 1312 3863 se-

182 3933 504 4046 Dirigsiur,
521 3964 785 4036 Domine,
798 3962 870 4022 ad
889 3971 949 4022 te
964 3960 1146 4020 oratio
1162 3981 1307 4033 mea,

107 4048 260 4107 sient
284 4046 573 4105 incensum
600 4044 661 4102 in
687 4049 989 4122 conspectu
1014 4038 1040 4071 ‘¹
1055 4038 1204 4099 tuo.‘²

101 4175 131 4208 ⁸
165 4163 312 4220 Dum
354 4180 391 4219 a
426 4162 587 4218 choro
621 4158 837 4216 canitur
877 4156 1053 4225 Oredo,
1094 4154 1311 4210 accedat

98 4237 362 4293 diaconus
418 4238 536 4306 post
584 4231 785 4292 lactum
842 4226 1199 4299 Evangelium
1247 4232 1303 4281 et

97 4308 288 4365 offerat
332 4302 594 4360 sacerdoti
639 4301 839 4356 librum
886 4297 1300 4369 Evangeliorum

92 4380 181 4435 vel
203 4379 435 4434 'sextum
460 4372 816 4429 deosculando
834 4369 892 4424 in
916 4368 1147 4423 sinistris
1166 4367 1298 4438 ejus.

86 4445 490 4506 Deinde—4L.
516 4445 602 4501 57.
675 4440 834 4502 Nihil
868 4440 1074 4495 habent
1095 4438 1180 4493 92.
1209 4437 1294 4493 94.

85 4520 174 4578 98.
200 4520 339 4576 1356.

519 4584 608 4654 38

972 280 1432 333 onnnunwu
1485 281 1779 333 MlssAEav

2503 269 2635 338 594
2708 247 2717 254 '

1499 439 1702 499 Postea
1741 438 2094 519 thurificetur
2131 435 2252 519 ipse
2277 443 2530 501 sacerdos
2556 445 2627 502 ab

1418 515 1447 574 i
1568 519 1823 590 diacom,
1851 527 1903 577 et
1936 521 2306 578 subdiaconus
2332 520 2543 598 deferat
2569 522 2626 580 ei

1457 605 1656 654 ‘extum
1671 598 2134 657 deosculandum:
2151 598 2353 657 deinde
2372 600 2620 677 acolytus

1416 675 1697 751 thurificet
1731 676 1976 747 chorum,
2005 677 2284 754 incipiens
2316 697 2354 735 a
2389 678 2619 736 rectori-

1415 751 1512 809 bus
1539 754 1696 812 chori
1716 775 1740 825 ‚⁰
1778 754 1981 813 deinde
2006 756 2347 832 superiorem
2371 757 2617 832 yradwm

1411 850 1478 887 ex
1532 840 1702 909 parte
1758 832 1976 904 decani,
2030 833 2311 911 incipiens
2370 836 2441 892 ab
2492 835 2617 913 ipso

1409 908 1620 968 decano
1671 910 1758 968 vel
1809 931 1848 967 a
1903 912 2255 988 proximiori
2317 913 2499 983 stallo,
2554 932 2616 972 eo

1407 989 1623 1046 absente
1644 1010 1668 1060 ,·
1697 997 1892 1065 postea
1916 990 2257 1067 superiorem
2281 991 2527 1066 9radum
2552 1011 2618 1048 ex

1399 1074 1571 1143 parte
1595 1068 1840 1125 cantoris
1854 1090 1872 1125 .·
1908 1069 2095 1126 eodem
2113 1069 2312 1127 ordine
2326 1070 2612 1140 secundas,

1409 1144 1607 1203 exinde
1636 1147 1862 1222 primas
1884 1145 2110 1221 fomnas
2130 1169 2156 1219 ‚·
2194 1147 2281 1205 ita
2321 1148 2469 1224 quod
2494 1148 2613 1225 ipse

1398 1242 1550 1299 puer
1593 1224 1842 1300 sinyulos
1896 1237 1921 1268 θ
1946 1225 2171 1283 clericos
2198 1232 2225 1262 e
2274 1225 2616 1284 incensando

1406 1300 1530 1358 illis
1568 1302 1819 1375 inclinet,
1853 1303 2202 1381 subsequente
2240 1324 2365 1362 eum
2393 1303 2613 1362 ¹subdi-

1409 1398 1583 1515 {zaconrdio
1605 1384 1626 1423 ί
1658 1402 1786 1439 cum
1815 1380 1995 1440 Textu
2021 1382 2092 1440 ab
2110 1383 2366 1440 omnibus
2390 1382 2610 1441 deoscu-

1551 1478 1600 1515 0.

1489 1535 1564 1596 Si
1607 1536 1892 1614 episcopus
1930 1537 2283 1596 celebraverit
2320 1545 2371 1596 et
2404 1538 2612 1616 duplex

1392 1612 1608 1689 festum
1629 1613 1836 1691 fuerit,
1877 1615 1990 1673 duo
2184 1616 2196 1628 ‘
2232 1617 2451 1675 venient
2483 1638 2610 1675 cum

1411 1692 1714 1750 thuribulis
1749 1702 1800 1752 et
1830 1695 1943 1752 duo
1980 1695 2313 1753 subdiaconi
2351 1716 2478 1752 cum
2504 1695 2609 1753 du·

1409 1771 1541 1828 obus
1576 1771 1835 1830 Teoetibus
1860 1772 1946 1830 vel
1971 1772 2247 1849 reliquiis.
2328 1773 2401 1833 Si
2426 1782 2613 1832 autem

1409 1849 1695 1927 episcopus
1739 1872 1854 1908 non
1903 1850 2254 1909 celebraverit
2304 1859 2356 1909 et
2406 1852 2614 1929 duplex

1392 1927 1608 2004 festum
1629 1927 1834 2004 fuerit,
1865 1929 2101 1987 Teoetum
2125 1928 2337 2005 deferat
2362 1930 2611 2008 acolytus

1410 2026 1476 2064 ea·
1541 2014 1660 2064 arte
1685 2006 1947 2065 cantoris.

1532 2085 1680 2142 rimo
1697 2094 1882 2143 autem
1898 2084 2311 2161 thurificandus
2327 2093 2404 2144 est
2418 2093 2614 2144 cantor

1413 2161 1518 2240 qui
1554 2170 1664 2220 stat
1705 2164 1772 2221 in
1809 2163 1995 2222 medio
2033 2164 2191 2221 chori
2229 2184 2358 2222 cum
2403 2164 2614 2222 coeteris

1414 2241 1712 2299 rectoribus
1724 2243 1898 2313 chori,
1909 2241 2118 2301 scilicet
2133 2240 2364 2318 infestis
2379 2242 2615 2317 majori·

1416 2320 1515 2376 bus
1534 2317 1856 2397 duplicibus
1874 2328 2096 2378 tantum
2117 2343 2136 2379 .·
2170 2320 2371 2379 deinde
2388 2321 2617 2399 princi-

1406 2397 1570 2475 pales
1609 2405 1837 2457 rectores
1876 2399 2034 2457 chori
2071 2420 2138 2456 ex
2176 2407 2413 2476 utraque
2443 2407 2611 2476 parte

1414 2476 1512 2534 sui
1533 2497 1556 2547 ;
1596 2476 1794 2535 exinde
1819 2477 1932 2535 duo
1972 2485 2199 2535 rectores
2238 2477 2565 2536 secundarii
2594 2498 2617 2549 ;

1412 2562 1603 2631 postea
1667 2555 1864 2613 chorus
1928 2575 2080 2614 more
2141 2556 2304 2614 solito
2331 2577 2356 2628 ;
2429 2555 2614 2614 eodem

1656 2633 1855 2691 ordine
1879 2640 2182 2710 sequantur
2210 2633 2429 2691 Teoetus.

1499 2653 1741 2783 Quando
1759 2733 1885 2771 vero
1903 2733 2018 2770 non
2042 2711 2258 2788 dicitur
2280 2711 2466 2771 Credo
2484 2718 2617 2770 tunc

1414 2787 1740 2847 immediate
1764 2798 1886 2867 post
1915 2790 2159 2850 Oremus
2179 2798 2230 2848 et
2252 2789 2612 2866 Offertorium

1416 2867 1644 2926 accedat
1688 2868 1960 2927 diaconus
2010 2876 2062 2927 et
2106 2869 2298 2945 offerat
2338 2867 2617 2926 sacerdoti

1415 2945 1648 3004 calicem
1679 2967 1807 3004 cum
1824 2956 2039 3024 patena
2060 2968 2085 3019 ;
2128 2954 2180 3005 et
2219 2953 2414 3004 coetera
2452 2945 2615 3003 solito

1414 3044 1567 3082 more
1605 3025 1935 3103 eapleantur
1954 3047 1979 3097 ;
2022 3034 2076 3084 et
2114 3025 2392 3101 thurificet
2432 3023 2611 3081 sacri·

1404 3104 1613 3179 ficium
1661 3124 1812 3161 more
1855 3104 2017 3162 solito
2047 3126 2067 3164 ‚⁰
2123 3104 2219 3161 sed
2261 3104 2455 3161 chorus
2497 3122 2612 3160 non

1415 3182 1786 3259 thurificetur.
1892 3181 2203 3259 Nunquam
2242 3182 2394 3240 enim
2423 3181 2613 3239 incen-

1413 3267 1576 3317 satur
1599 3261 1795 3318 chorus
1816 3268 1946 3337 post
1969 3260 2350 3336 Evanqelium
2375 3259 2454 3316 ad
2478 3259 2613 3317 mis-

1413 3357 1539 3395 sam
1575 3339 1697 3397 nisi
1734 3338 1960 3416 quando
1997 3337 2214 3397 dicitur
2255 3337 2475 3411 Cred03
2517 3336 2612 3395 sed

1414 3423 1546 3474 tunc
1579 3438 1806 3495 semper.

1513 3494 1633 3554 His
1678 3497 1868 3573 itaque
1915 3494 2175 3571 peractis,
2222 3500 2311 3551 eat
2359 3492 2610 3552 sacerdos

1413 3573 1494 3630 ad
1530 3574 1787 3632 dextrum
1825 3593 1999 3631 cornu
2037 3572 2289 3645 Altaris,
2327 3579 2380 3630 et
2417 3571 2611 3629 abluat

1410 3671 1615 3710 manus
1641 3652 1847 3725 dicens,

1490 3730 1714 3788 Munda
1759 3751 1869 3802 me,
1908 3727 2170 3800 Domine,
2210 3727 2283 3786 ab
2326 3725 2480 3785 omni
2520 3726 2608 3783 in-

1408 3809 1776 3888 quinamento
1802 3821 1831 3860 8
1851 3807 2058 3867 mentis
2086 3814 2145 3882 et
2169 3803 2415 3884 corporis
2435 3817 2501 3875 ες
2540 3810 2606 3862 ut

1405 3891 1612 4026 Bossim
1642 3888 1887 3946 mundus
1921 3884 2161 3965 implere
2187 3903 2325 3964 opus
2351 3891 2605 3941 sanctum

1462 3987 1659 4026 ommi.

1401 4152 1430 4191 b
1466 4163 1576 4204 non
1600 4147 1806 4203 habent
1828 4146 1917 4200 92.
1940 4144 2026 4200 94.
2054 4144 2139 4199 98.
2165 4142 2263 4197 4L.
2289 4140 2424 4199 1356.

1402 4231 1428 4261 ⁰
1465 4217 1815 4275 locum—92.
1844 4217 1930 4271 98.
1955 4215 2054 4270 4L.
2082 4216 2168 4272 57.
2229 4211 2543 4270 locet—94.

1398 4292 1428 4333 ἅ
1464 4289 1764 4362 majestatis
1785 4286 2073 4344 tuae.—94.

1398 4373 1424 4404 θ
1496 4358 1835 4416 ueros—4L.
1864 4359 1950 4413 57.

1398 4435 1419 4474 ί
1489 4429 1852 4500 insono—92.
1883 4427 1981 4481 4L.
2015 4425 2101 4489 57.

1396 4515 1425 4555 s
1459 4504 1631 4561 cordis
1652 4507 1710 4558 et
1730 4498 1963 4573 corporis
1986 4494 2270 4552 mci—94.
2296 4494 2384 4552 97.
2408 4493 2509 4554 4L.
