<?xml version="1.0" encoding="UTF-8"?>
<!DOCTYPE html PUBLIC "-//W3C//DTD XHTML 1.0 Transitional//EN"
    "http://www.w3.org/TR/xhtml1/DTD/xhtml1-transitional.dtd">
<html xmlns="http://www.w3.org/1999/xhtml" xml:lang="en" lang="en">
 <head>
  <title>
</title>
<meta http-equiv="Content-Type" content="text/html;charset=utf-8" />
  <meta name='ocr-system' content='tesseract 3.04.00' />
  <meta name='ocr-capabilities' content='ocr_page ocr_carea ocr_par ocr_line ocrx_word'/>
</head>
<body>
  <div class='ocr_page' id='page_1' title='image "./missaleadusumin00cathgoog_0237.png"; bbox 0 0 2975 5009; ppageno 0'>
   <div class='ocr_carea' id='block_1_1' title="bbox 126 273 2640 342">
    <p class='ocr_par' dir='ltr' id='par_1_1' title="bbox 126 273 2640 342">
     <span class='ocr_line' id='line_1_1' title="bbox 126 273 2640 342; baseline -0 -3"><span class='ocrx_word' id='word_1_1' title='bbox 126 273 241 342; x_wconf 79' lang='lat'><strong>457</strong></span> <span class='ocrx_word' id='word_1_2' title='bbox 878 287 957 336; x_wconf 76' lang='lat' dir='ltr'><strong>m</strong></span> <span class='ocrx_word' id='word_1_3' title='bbox 988 289 1210 340; x_wconf 70' lang='lat' dir='ltr'><strong>rssro</strong></span> <span class='ocrx_word' id='word_1_4' title='bbox 1243 290 1594 342; x_wconf 76' lang='lat' dir='ltr'><strong>coRPoms</strong></span> <span class='ocrx_word' id='word_1_5' title='bbox 1626 290 1940 339; x_wconf 71' lang='lat' dir='ltr'><strong>cumam.</strong></span> <span class='ocrx_word' id='word_1_6' title='bbox 2509 274 2640 339; x_wconf 81' lang='lat'><strong>458</strong></span> 
     </span>
    </p>
   </div>
   <div class='ocr_carea' id='block_1_2' title="bbox 134 463 1180 4282">
    <p class='ocr_par' dir='ltr' id='par_1_2' title="bbox 134 463 1156 1931">
     <span class='ocr_line' id='line_1_2' title="bbox 433 463 516 501; baseline 0 0"><span class='ocrx_word' id='word_1_7' title='bbox 433 463 516 501; x_wconf 68' lang='lat' dir='ltr'><strong>za.</strong></span> 
     </span>
     <span class='ocr_line' id='line_1_3' title="bbox 134 518 881 594; baseline -0.004 -13"><span class='ocrx_word' id='word_1_8' title='bbox 134 521 311 581; x_wconf 84' lang='lat' dir='ltr'><strong>Lauda</strong></span> <span class='ocrx_word' id='word_1_9' title='bbox 342 523 483 582; x_wconf 89' lang='lat' dir='ltr'><strong>Sion</strong></span> <span class='ocrx_word' id='word_1_10' title='bbox 512 518 881 594; x_wconf 83' lang='lat' dir='ltr'><strong>Salvatorem‚</strong></span> 
     </span>
     <span class='ocr_line' id='line_1_4' title="bbox 202 600 987 677; baseline -0.001 -18"><span class='ocrx_word' id='word_1_11' title='bbox 202 600 363 659; x_wconf 85' lang='lat' dir='ltr'><strong>lauda</strong></span> <span class='ocrx_word' id='word_1_12' title='bbox 386 601 592 658; x_wconf 90' lang='lat' dir='ltr'><strong>ducem</strong></span> <span class='ocrx_word' id='word_1_13' title='bbox 620 605 681 657; x_wconf 90' lang='lat' dir='ltr'><strong>et</strong></span> <span class='ocrx_word' id='word_1_14' title='bbox 705 610 987 677; x_wconf 80' lang='lat' dir='ltr'><strong>pastorem</strong></span> 
     </span>
     <span class='ocr_line' id='line_1_5' title="bbox 277 678 970 754; baseline 0.003 -19"><span class='ocrx_word' id='word_1_15' title='bbox 277 680 336 735; x_wconf 92' lang='lat' dir='ltr'><strong>in</strong></span> <span class='ocrx_word' id='word_1_16' title='bbox 363 678 596 754; x_wconf 88' lang='lat' dir='ltr'><strong>hymnis</strong></span> <span class='ocrx_word' id='word_1_17' title='bbox 623 687 681 736; x_wconf 91' lang='lat' dir='ltr'><strong>et</strong></span> <span class='ocrx_word' id='word_1_18' title='bbox 707 680 970 752; x_wconf 83' lang='lat' dir='ltr'><strong>canticis3</strong></span> 
     </span>
     <span class='ocr_line' id='line_1_6' title="bbox 141 757 1070 837; baseline 0.003 -21"><span class='ocrx_word' id='word_1_19' title='bbox 141 757 417 826; x_wconf 78' lang='lat' dir='ltr'><strong>Quantum</strong></span> <span class='ocrx_word' id='word_1_20' title='bbox 446 763 609 834; x_wconf 80' lang='lat' dir='ltr'><strong>potes</strong></span> <span class='ocrx_word' id='word_1_21' title='bbox 636 763 861 814; x_wconf 84' lang='lat' dir='ltr'><strong>tantum</strong></span> <span class='ocrx_word' id='word_1_22' title='bbox 886 760 1070 837; x_wconf 81' lang='lat' dir='ltr'><strong>gaude</strong></span> 
     </span>
     <span class='ocr_line' id='line_1_7' title="bbox 207 835 932 914; baseline 0.003 -22"><span class='ocrx_word' id='word_1_23' title='bbox 207 835 332 914; x_wconf 86' lang='lat' dir='ltr'><strong>quia</strong></span> <span class='ocrx_word' id='word_1_24' title='bbox 357 836 542 913; x_wconf 88' lang='lat' dir='ltr'><strong>major</strong></span> <span class='ocrx_word' id='word_1_25' title='bbox 564 835 720 892; x_wconf 90' lang='lat' dir='ltr'><strong>omni</strong></span> <span class='ocrx_word' id='word_1_26' title='bbox 748 835 932 911; x_wconf 87' lang='lat' dir='ltr'><strong>laude,</strong></span> 
     </span>
     <span class='ocr_line' id='line_1_8' title="bbox 279 912 902 973; baseline 0.008 -5"><span class='ocrx_word' id='word_1_27' title='bbox 279 932 384 972; x_wconf 91' lang='lat' dir='ltr'><strong>nec</strong></span> <span class='ocrx_word' id='word_1_28' title='bbox 411 912 646 971; x_wconf 87' lang='lat' dir='ltr'><strong>laudare</strong></span> <span class='ocrx_word' id='word_1_29' title='bbox 673 912 902 973; x_wconf 85' lang='lat' dir='ltr'><strong>sufficis.</strong></span> 
     </span>
     <span class='ocr_line' id='line_1_9' title="bbox 141 990 858 1069; baseline -0.001 -19"><span class='ocrx_word' id='word_1_30' title='bbox 141 991 335 1050; x_wconf 83' lang='lat' dir='ltr'><strong>Laudis</strong></span> <span class='ocrx_word' id='word_1_31' title='bbox 361 991 562 1050; x_wconf 89' lang='lat' dir='ltr'><strong>thema</strong></span> <span class='ocrx_word' id='word_1_32' title='bbox 588 990 858 1069; x_wconf 86' lang='lat' dir='ltr'><strong>specialis,</strong></span> 
     </span>
     <span class='ocr_line' id='line_1_10' title="bbox 207 1068 861 1149; baseline 0 -22"><span class='ocrx_word' id='word_1_33' title='bbox 207 1071 362 1149; x_wconf 90' lang='lat' dir='ltr'><strong>panis</strong></span> <span class='ocrx_word' id='word_1_34' title='bbox 388 1070 547 1126; x_wconf 88' lang='lat' dir='ltr'><strong>vivus</strong></span> <span class='ocrx_word' id='word_1_35' title='bbox 576 1080 637 1127; x_wconf 89' lang='lat' dir='ltr'><strong>et</strong></span> <span class='ocrx_word' id='word_1_36' title='bbox 674 1068 861 1127; x_wconf 89' lang='lat' dir='ltr'><strong>vitalis</strong></span> 
     </span>
     <span class='ocr_line' id='line_1_11' title="bbox 282 1147 856 1226; baseline -0.003 -20"><span class='ocrx_word' id='word_1_37' title='bbox 282 1147 452 1207; x_wconf 91' lang='lat' dir='ltr'><strong>hodie</strong></span> <span class='ocrx_word' id='word_1_38' title='bbox 478 1147 856 1226; x_wconf 80' lang='lat' dir='ltr'><strong>proponitur3</strong></span> 
     </span>
     <span class='ocr_line' id='line_1_12' title="bbox 143 1224 1021 1295; baseline 0.006 -13"><span class='ocrx_word' id='word_1_39' title='bbox 143 1224 310 1295; x_wconf 81' lang='lat' dir='ltr'><strong>Quem</strong></span> <span class='ocrx_word' id='word_1_40' title='bbox 337 1226 399 1284; x_wconf 89' lang='lat' dir='ltr'><strong>in</strong></span> <span class='ocrx_word' id='word_1_41' title='bbox 427 1245 601 1284; x_wconf 85' lang='lat' dir='ltr'><strong>sacrae</strong></span> <span class='ocrx_word' id='word_1_42' title='bbox 629 1245 825 1284; x_wconf 89' lang='lat' dir='ltr'><strong>mensa</strong></span> <span class='ocrx_word' id='word_1_43' title='bbox 846 1240 1021 1287; x_wconf 81' lang='lat' dir='ltr'><strong>coenae</strong></span> 
     </span>
     <span class='ocr_line' id='line_1_13' title="bbox 210 1303 965 1364; baseline 0.001 -1"><span class='ocrx_word' id='word_1_44' title='bbox 210 1306 390 1363; x_wconf 81' lang='lat' dir='ltr'><strong>turbae</strong></span> <span class='ocrx_word' id='word_1_45' title='bbox 415 1303 660 1362; x_wconf 79' lang='lat' dir='ltr'>fratrum</span> <span class='ocrx_word' id='word_1_46' title='bbox 686 1304 965 1364; x_wconf 83' lang='lat' dir='ltr'><strong>duodenae</strong></span> 
     </span>
     <span class='ocr_line' id='line_1_14' title="bbox 284 1383 980 1462; baseline 0.003 -21"><span class='ocrx_word' id='word_1_47' title='bbox 284 1383 483 1442; x_wconf 85' lang='lat' dir='ltr'><strong>datum</strong></span> <span class='ocrx_word' id='word_1_48' title='bbox 512 1401 627 1439; x_wconf 92' lang='lat' dir='ltr'><strong>non</strong></span> <span class='ocrx_word' id='word_1_49' title='bbox 654 1384 980 1462; x_wconf 81' lang='lat' dir='ltr'><strong>ambigitur.</strong></span> 
     </span>
     <span class='ocr_line' id='line_1_15' title="bbox 148 1457 924 1540; baseline 0 -20"><span class='ocrx_word' id='word_1_50' title='bbox 148 1457 226 1520; x_wconf 81' lang='lat' dir='ltr'><strong>Sit</strong></span> <span class='ocrx_word' id='word_1_51' title='bbox 246 1461 363 1520; x_wconf 85' lang='lat' dir='ltr'><strong>laus</strong></span> <span class='ocrx_word' id='word_1_52' title='bbox 387 1461 578 1540; x_wconf 91' lang='lat' dir='ltr'><strong>plena,</strong></span> <span class='ocrx_word' id='word_1_53' title='bbox 606 1461 682 1519; x_wconf 88' lang='lat' dir='ltr'><strong>sit</strong></span> <span class='ocrx_word' id='word_1_54' title='bbox 706 1482 924 1536; x_wconf 90' lang='lat' dir='ltr'><strong>sonora,</strong></span> 
     </span>
     <span class='ocr_line' id='line_1_16' title="bbox 214 1538 899 1618; baseline 0 -18"><span class='ocrx_word' id='word_1_55' title='bbox 214 1541 286 1600; x_wconf 89' lang='lat' dir='ltr'><strong>sit</strong></span> <span class='ocrx_word' id='word_1_56' title='bbox 303 1539 566 1618; x_wconf 89' lang='lat' dir='ltr'><strong>jocunda,</strong></span> <span class='ocrx_word' id='word_1_57' title='bbox 593 1538 670 1596; x_wconf 90' lang='lat' dir='ltr'><strong>sit</strong></span> <span class='ocrx_word' id='word_1_58' title='bbox 696 1541 899 1600; x_wconf 89' lang='lat' dir='ltr'><strong>decora</strong></span> 
     </span>
     <span class='ocr_line' id='line_1_17' title="bbox 288 1615 813 1694; baseline 0 -18"><span class='ocrx_word' id='word_1_59' title='bbox 288 1617 498 1676; x_wconf 91' lang='lat' dir='ltr'><strong>mentis</strong></span> <span class='ocrx_word' id='word_1_60' title='bbox 515 1615 778 1694; x_wconf 86' lang='lat' dir='ltr'><strong>jubilatio</strong></span> <span class='ocrx_word' id='word_1_61' title='bbox 795 1639 813 1691; x_wconf 79' lang='lat'>3</span> 
     </span>
     <span class='ocr_line' id='line_1_18' title="bbox 151 1694 983 1776; baseline 0.001 -22"><span class='ocrx_word' id='word_1_62' title='bbox 151 1695 275 1756; x_wconf 87' lang='lat' dir='ltr'><strong>Dies</strong></span> <span class='ocrx_word' id='word_1_63' title='bbox 297 1698 456 1756; x_wconf 90' lang='lat' dir='ltr'><strong>enim</strong></span> <span class='ocrx_word' id='word_1_64' title='bbox 483 1694 750 1756; x_wconf 89' lang='lat' dir='ltr'><strong>solemnis</strong></span> <span class='ocrx_word' id='word_1_65' title='bbox 775 1697 983 1776; x_wconf 86' lang='lat' dir='ltr'><strong>agitur,</strong></span> 
     </span>
     <span class='ocr_line' id='line_1_19' title="bbox 218 1775 1156 1853; baseline 0.002 -20"><span class='ocrx_word' id='word_1_66' title='bbox 218 1775 276 1833; x_wconf 91' lang='lat' dir='ltr'><strong>in</strong></span> <span class='ocrx_word' id='word_1_67' title='bbox 301 1794 414 1853; x_wconf 85' lang='lat' dir='ltr'><strong>qua</strong></span> <span class='ocrx_word' id='word_1_68' title='bbox 438 1793 654 1833; x_wconf 89' lang='lat' dir='ltr'><strong>mensae</strong></span> <span class='ocrx_word' id='word_1_69' title='bbox 680 1776 865 1853; x_wconf 90' lang='lat' dir='ltr'><strong>prima</strong></span> <span class='ocrx_word' id='word_1_70' title='bbox 890 1776 1156 1836; x_wconf 81' lang='lat' dir='ltr'><strong>recolitur</strong></span> 
     </span>
     <span class='ocr_line' id='line_1_20' title="bbox 293 1851 788 1931; baseline 0.002 -20"><span class='ocrx_word' id='word_1_71' title='bbox 293 1853 460 1931; x_wconf 87' lang='lat' dir='ltr'><strong>hujus</strong></span> <span class='ocrx_word' id='word_1_72' title='bbox 487 1851 788 1912; x_wconf 86' lang='lat' dir='ltr'><strong>institutio.</strong></span> 
     </span>
    </p>

    <p class='ocr_par' dir='ltr' id='par_1_3' title="bbox 155 1930 1025 2166">
     <span class='ocr_line' id='line_1_21' title="bbox 155 1930 905 2011; baseline 0.004 -22"><span class='ocrx_word' id='word_1_73' title='bbox 155 1930 221 1989; x_wconf 89' lang='lat' dir='ltr'><strong>In</strong></span> <span class='ocrx_word' id='word_1_74' title='bbox 244 1930 347 1989; x_wconf 88' lang='lat' dir='ltr'><strong>hac</strong></span> <span class='ocrx_word' id='word_1_75' title='bbox 375 1950 571 1989; x_wconf 89' lang='lat' dir='ltr'><strong>mensa</strong></span> <span class='ocrx_word' id='word_1_76' title='bbox 596 1932 728 1988; x_wconf 90' lang='lat' dir='ltr'><strong>novi</strong></span> <span class='ocrx_word' id='word_1_77' title='bbox 754 1933 905 2011; x_wconf 87' lang='lat' dir='ltr'><strong>regis</strong></span> 
     </span>
     <span class='ocr_line' id='line_1_22' title="bbox 219 2007 1025 2090; baseline 0.001 -23"><span class='ocrx_word' id='word_1_78' title='bbox 219 2030 425 2069; x_wconf 89' lang='lat' dir='ltr'><strong>novum</strong></span> <span class='ocrx_word' id='word_1_79' title='bbox 454 2007 672 2068; x_wconf 80' lang='lat' dir='ltr'><strong>Pascha</strong></span> <span class='ocrx_word' id='word_1_80' title='bbox 697 2030 858 2071; x_wconf 86' lang='lat' dir='ltr'><strong>novae</strong></span> <span class='ocrx_word' id='word_1_81' title='bbox 885 2010 1025 2090; x_wconf 86' lang='lat' dir='ltr'><strong>legis</strong></span> 
     </span>
     <span class='ocr_line' id='line_1_23' title="bbox 294 2087 968 2166; baseline 0.003 -21"><span class='ocrx_word' id='word_1_82' title='bbox 294 2087 470 2166; x_wconf 83' lang='lat' dir='ltr'><strong>phase</strong></span> <span class='ocrx_word' id='word_1_83' title='bbox 497 2094 654 2145; x_wconf 88' lang='lat' dir='ltr'><strong>vetus</strong></span> <span class='ocrx_word' id='word_1_84' title='bbox 679 2089 968 2149; x_wconf 81' lang='lat' dir='ltr'><strong>terminat.</strong></span> 
     </span>
    </p>

    <p class='ocr_par' dir='ltr' id='par_1_4' title="bbox 157 2165 1180 4282">
     <span class='ocr_line' id='line_1_24' title="bbox 157 2165 776 2239; baseline 0.002 -14"><span class='ocrx_word' id='word_1_85' title='bbox 157 2165 511 2225; x_wconf 89' lang='lat' dir='ltr'><strong>Vetustatem</strong></span> <span class='ocrx_word' id='word_1_86' title='bbox 539 2166 776 2239; x_wconf 87' lang='lat' dir='ltr'><strong>novitas,</strong></span> 
     </span>
     <span class='ocr_line' id='line_1_25' title="bbox 222 2242 922 2323; baseline 0.003 -20"><span class='ocrx_word' id='word_1_87' title='bbox 222 2246 484 2303; x_wconf 89' lang='lat' dir='ltr'><strong>umbram</strong></span> <span class='ocrx_word' id='word_1_88' title='bbox 511 2242 671 2323; x_wconf 86' lang='lat' dir='ltr'><strong>fugat</strong></span> <span class='ocrx_word' id='word_1_89' title='bbox 697 2246 922 2319; x_wconf 79' lang='lat' dir='ltr'><strong>veritae,</strong></span> 
     </span>
     <span class='ocr_line' id='line_1_26' title="bbox 295 2321 976 2383; baseline 0.004 -3"><span class='ocrx_word' id='word_1_90' title='bbox 295 2331 524 2381; x_wconf 90' lang='lat' dir='ltr'><strong>noctem</strong></span> <span class='ocrx_word' id='word_1_91' title='bbox 551 2321 652 2380; x_wconf 83' lang='lat' dir='ltr'><strong>lux</strong></span> <span class='ocrx_word' id='word_1_92' title='bbox 676 2322 976 2383; x_wconf 88' lang='lat' dir='ltr'><strong>illuminat.</strong></span> 
     </span>
     <span class='ocr_line' id='line_1_27' title="bbox 160 2400 1092 2482; baseline 0.002 -23"><span class='ocrx_word' id='word_1_93' title='bbox 160 2400 315 2469; x_wconf 78' lang='lat' dir='ltr'>Quod</span> <span class='ocrx_word' id='word_1_94' title='bbox 341 2404 407 2459; x_wconf 91' lang='lat' dir='ltr'><strong>in</strong></span> <span class='ocrx_word' id='word_1_95' title='bbox 433 2420 592 2459; x_wconf 90' lang='lat' dir='ltr'><strong>coena</strong></span> <span class='ocrx_word' id='word_1_96' title='bbox 615 2401 876 2462; x_wconf 89' lang='lat' dir='ltr'><strong>Christus</strong></span> <span class='ocrx_word' id='word_1_97' title='bbox 900 2403 1092 2482; x_wconf 83' lang='lat' dir='ltr'><strong>gessit,</strong></span> 
     </span>
     <span class='ocr_line' id='line_1_28' title="bbox 227 2478 981 2571; baseline 0.005 -33"><span class='ocrx_word' id='word_1_98' title='bbox 227 2479 540 2571; x_wconf 76' lang='lat' dir='ltr'><strong>faciendum</strong></span> <span class='ocrx_word' id='word_1_99' title='bbox 567 2478 673 2539; x_wconf 92' lang='lat' dir='ltr'><strong>hoc</strong></span> <span class='ocrx_word' id='word_1_100' title='bbox 701 2483 981 2560; x_wconf 83' lang='lat' dir='ltr'><strong>expressit</strong></span> 
     </span>
     <span class='ocr_line' id='line_1_29' title="bbox 298 2578 854 2619; baseline 0.004 -2"><span class='ocrx_word' id='word_1_101' title='bbox 298 2580 360 2617; x_wconf 89' lang='lat' dir='ltr'><strong>m</strong></span> <span class='ocrx_word' id='word_1_102' title='bbox 389 2579 475 2617; x_wconf 78' lang='lat' dir='ltr'><strong>sui</strong></span> <span class='ocrx_word' id='word_1_103' title='bbox 504 2578 854 2619; x_wconf 74' lang='lat' dir='ltr'><strong>memoriam.</strong></span> 
     </span>
     <span class='ocr_line' id='line_1_30' title="bbox 162 2636 831 2711; baseline 0.004 -18"><span class='ocrx_word' id='word_1_104' title='bbox 162 2636 314 2696; x_wconf 84' lang='lat' dir='ltr'><strong>Docti</strong></span> <span class='ocrx_word' id='word_1_105' title='bbox 339 2636 510 2695; x_wconf 88' lang='lat' dir='ltr'><strong>sacris</strong></span> <span class='ocrx_word' id='word_1_106' title='bbox 536 2636 831 2711; x_wconf 86' lang='lat' dir='ltr'><strong>institut-is,</strong></span> 
     </span>
     <span class='ocr_line' id='line_1_31' title="bbox 227 2715 1002 2794; baseline 0.001 -20"><span class='ocrx_word' id='word_1_107' title='bbox 227 2735 451 2794; x_wconf 90' lang='lat' dir='ltr'><strong>panem,</strong></span> <span class='ocrx_word' id='word_1_108' title='bbox 481 2715 692 2788; x_wconf 91' lang='lat' dir='ltr'><strong>vinum,</strong></span> <span class='ocrx_word' id='word_1_109' title='bbox 721 2717 780 2774; x_wconf 93' lang='lat' dir='ltr'><strong>in</strong></span> <span class='ocrx_word' id='word_1_110' title='bbox 808 2716 1002 2777; x_wconf 86' lang='lat' dir='ltr'><strong>salutis</strong></span> 
     </span>
     <span class='ocr_line' id='line_1_32' title="bbox 301 2794 976 2854; baseline 0 -2"><span class='ocrx_word' id='word_1_111' title='bbox 301 2812 689 2852; x_wconf 87' lang='lat' dir='ltr'><strong>consecramus</strong></span> <span class='ocrx_word' id='word_1_112' title='bbox 716 2794 976 2854; x_wconf 86' lang='lat' dir='ltr'><strong>hostiam.</strong></span> 
     </span>
     <span class='ocr_line' id='line_1_33' title="bbox 164 2869 950 2949; baseline 0.005 -21"><span class='ocrx_word' id='word_1_113' title='bbox 164 2869 375 2949; x_wconf 79' lang='lat' dir='ltr'><strong>Dogma</strong></span> <span class='ocrx_word' id='word_1_114' title='bbox 400 2871 570 2929; x_wconf 86' lang='lat' dir='ltr'><strong>datur</strong></span> <span class='ocrx_word' id='word_1_115' title='bbox 594 2872 950 2945; x_wconf 76' lang='lat' dir='ltr'><strong>ChristianiS,</strong></span> 
     </span>
     <span class='ocr_line' id='line_1_34' title="bbox 232 2950 1160 3040; baseline 0.004 -33"><span class='ocrx_word' id='word_1_116' title='bbox 232 2951 379 3027; x_wconf 90' lang='lat' dir='ltr'><strong>quod</strong></span> <span class='ocrx_word' id='word_1_117' title='bbox 407 2951 468 3040; x_wconf 80' lang='lat' dir='ltr'><strong>in</strong></span> <span class='ocrx_word' id='word_1_118' title='bbox 495 2969 721 3010; x_wconf 89' lang='lat' dir='ltr'><strong>carnem</strong></span> <span class='ocrx_word' id='word_1_119' title='bbox 748 2952 956 3010; x_wconf 84' lang='lat' dir='ltr'><strong>transit</strong></span> <span class='ocrx_word' id='word_1_120' title='bbox 980 2950 1160 3031; x_wconf 90' lang='lat' dir='ltr'><strong>panis,</strong></span> 
     </span>
     <span class='ocr_line' id='line_1_35' title="bbox 308 3029 1057 3090; baseline 0 -2"><span class='ocrx_word' id='word_1_121' title='bbox 308 3038 371 3088; x_wconf 86' lang='lat' dir='ltr'><strong>et</strong></span> <span class='ocrx_word' id='word_1_122' title='bbox 397 3048 592 3085; x_wconf 78' lang='lat' dir='ltr'><strong>vinum</strong></span> <span class='ocrx_word' id='word_1_123' title='bbox 619 3029 678 3085; x_wconf 88' lang='lat' dir='ltr'><strong>in</strong></span> <span class='ocrx_word' id='word_1_124' title='bbox 705 3049 801 3088; x_wconf 87' lang='lat' dir='ltr'><strong>san</strong></span> <span class='ocrx_word' id='word_1_125' title='bbox 845 3030 1057 3090; x_wconf 91' lang='lat' dir='ltr'><strong>uinem.</strong></span> 
     </span>
     <span class='ocr_line' id='line_1_36' title="bbox 165 3051 1180 3186; baseline 0.004 -22"><span class='ocrx_word' id='word_1_126' title='bbox 165 3103 316 3173; x_wconf 82' lang='lat' dir='ltr'><strong>Quod</strong></span> <span class='ocrx_word' id='word_1_127' title='bbox 343 3126 459 3165; x_wconf 91' lang='lat' dir='ltr'><strong>non</strong></span> <span class='ocrx_word' id='word_1_128' title='bbox 486 3106 656 3184; x_wconf 75' lang='lat' dir='ltr'><strong>capia,</strong></span> <span class='ocrx_word' id='word_1_129' title='bbox 684 3051 844 3186; x_wconf 47' lang='lat' dir='ltr'><strong>quo}</strong></span> <span class='ocrx_word' id='word_1_130' title='bbox 862 3129 976 3167; x_wconf 92' lang='lat' dir='ltr'><strong>non</strong></span> <span class='ocrx_word' id='word_1_131' title='bbox 1001 3109 1180 3181; x_wconf 87' lang='lat' dir='ltr'><strong>vides,</strong></span> 
     </span>
     <span class='ocr_line' id='line_1_37' title="bbox 232 3185 888 3259; baseline 0.005 -16"><span class='ocrx_word' id='word_1_132' title='bbox 232 3187 483 3243; x_wconf 87' lang='lat' dir='ltr'><strong>animosa</strong></span> <span class='ocrx_word' id='word_1_133' title='bbox 508 3185 703 3243; x_wconf 90' lang='lat' dir='ltr'><strong>firmat</strong></span> <span class='ocrx_word' id='word_1_134' title='bbox 729 3186 888 3259; x_wconf 88' lang='lat' dir='ltr'><strong>fides,</strong></span> 
     </span>
     <span class='ocr_line' id='line_1_38' title="bbox 351 3267 1046 3325; baseline 0.001 -4"><span class='ocrx_word' id='word_1_135' title='bbox 351 3271 527 3321; x_wconf 84' lang='lat' dir='ltr'><strong>raeter</strong></span> <span class='ocrx_word' id='word_1_136' title='bbox 550 3282 742 3322; x_wconf 88' lang='lat' dir='ltr'><strong>rerum</strong></span> <span class='ocrx_word' id='word_1_137' title='bbox 771 3267 1046 3325; x_wconf 86' lang='lat' dir='ltr'><strong>ordinem.</strong></span> 
     </span>
     <span class='ocr_line' id='line_1_39' title="bbox 167 3337 864 3419; baseline 0.007 -21"><span class='ocrx_word' id='word_1_138' title='bbox 167 3337 273 3401; x_wconf 87' lang='lat' dir='ltr'><strong>Sub</strong></span> <span class='ocrx_word' id='word_1_139' title='bbox 339 3342 537 3400; x_wconf 88' lang='lat' dir='ltr'><strong>iversis</strong></span> <span class='ocrx_word' id='word_1_140' title='bbox 561 3343 864 3419; x_wconf 85' lang='lat' dir='ltr'><strong>speciebus,</strong></span> 
     </span>
     <span class='ocr_line' id='line_1_40' title="bbox 237 3421 1100 3499; baseline 0.005 -21"><span class='ocrx_word' id='word_1_141' title='bbox 237 3421 411 3499; x_wconf 86' lang='lat' dir='ltr'><strong>signis</strong></span> <span class='ocrx_word' id='word_1_142' title='bbox 436 3426 660 3478; x_wconf 89' lang='lat' dir='ltr'><strong>tantum</strong></span> <span class='ocrx_word' id='word_1_143' title='bbox 688 3430 745 3479; x_wconf 92' lang='lat' dir='ltr'><strong>et</strong></span> <span class='ocrx_word' id='word_1_144' title='bbox 773 3441 888 3480; x_wconf 90' lang='lat' dir='ltr'><strong>non</strong></span> <span class='ocrx_word' id='word_1_145' title='bbox 915 3423 1100 3496; x_wconf 87' lang='lat' dir='ltr'><strong>rebus,</strong></span> 
     </span>
     <span class='ocr_line' id='line_1_41' title="bbox 311 3492 903 3560; baseline 0.007 -4"><span class='ocrx_word' id='word_1_146' title='bbox 311 3499 500 3557; x_wconf 88' lang='lat' dir='ltr'><strong>latent</strong></span> <span class='ocrx_word' id='word_1_147' title='bbox 524 3518 615 3557; x_wconf 85' lang='lat' dir='ltr'><strong>res</strong></span> <span class='ocrx_word' id='word_1_148' title='bbox 642 3492 867 3559; x_wconf 72' lang='lat' dir='ltr'><strong>eximias</strong></span> <span class='ocrx_word' id='word_1_149' title='bbox 888 3522 903 3560; x_wconf 77' lang='lat' dir='ltr'><strong>t</strong></span> 
     </span>
     <span class='ocr_line' id='line_1_42' title="bbox 167 3574 984 3658; baseline 0.001 -22"><span class='ocrx_word' id='word_1_150' title='bbox 167 3574 303 3636; x_wconf 80' lang='lat' dir='ltr'><strong>Caro</strong></span> <span class='ocrx_word' id='word_1_151' title='bbox 327 3578 503 3649; x_wconf 76' lang='lat' dir='ltr'><strong>cibuS,</strong></span> <span class='ocrx_word' id='word_1_152' title='bbox 532 3578 753 3655; x_wconf 88' lang='lat' dir='ltr'><strong>sanguis</strong></span> <span class='ocrx_word' id='word_1_153' title='bbox 780 3589 984 3658; x_wconf 90' lang='lat' dir='ltr'><strong>potus;</strong></span> 
     </span>
     <span class='ocr_line' id='line_1_43' title="bbox 238 3655 1124 3717; baseline 0 -3"><span class='ocrx_word' id='word_1_154' title='bbox 238 3662 432 3714; x_wconf 89' lang='lat' dir='ltr'><strong>manet</strong></span> <span class='ocrx_word' id='word_1_155' title='bbox 459 3665 654 3714; x_wconf 90' lang='lat' dir='ltr'><strong>tamen</strong></span> <span class='ocrx_word' id='word_1_156' title='bbox 691 3655 948 3717; x_wconf 84' lang='lat' dir='ltr'><strong>Christus</strong></span> <span class='ocrx_word' id='word_1_157' title='bbox 972 3665 1124 3717; x_wconf 88' lang='lat' dir='ltr'><strong>totus</strong></span> 
     </span>
     <span class='ocr_line' id='line_1_44' title="bbox 316 3734 927 3812; baseline 0 -17"><span class='ocrx_word' id='word_1_158' title='bbox 316 3734 438 3795; x_wconf 85' lang='lat' dir='ltr'><strong>Sub</strong></span> <span class='ocrx_word' id='word_1_159' title='bbox 464 3743 701 3809; x_wconf 87' lang='lat' dir='ltr'><strong>utraque</strong></span> <span class='ocrx_word' id='word_1_160' title='bbox 727 3735 927 3812; x_wconf 90' lang='lat' dir='ltr'><strong>specie.</strong></span> 
     </span>
     <span class='ocr_line' id='line_1_45' title="bbox 172 3811 960 3886; baseline 0.001 -15"><span class='ocrx_word' id='word_1_161' title='bbox 172 3811 230 3871; x_wconf 88' lang='lat' dir='ltr'>A</span> <span class='ocrx_word' id='word_1_162' title='bbox 259 3819 519 3872; x_wconf 88' lang='lat' dir='ltr'><strong>sumente</strong></span> <span class='ocrx_word' id='word_1_163' title='bbox 547 3831 662 3869; x_wconf 90' lang='lat' dir='ltr'><strong>non</strong></span> <span class='ocrx_word' id='word_1_164' title='bbox 688 3815 960 3886; x_wconf 75' lang='lat' dir='ltr'><strong>concisuS,</strong></span> 
     </span>
     <span class='ocr_line' id='line_1_46' title="bbox 245 3887 1115 3965; baseline 0.001 -16"><span class='ocrx_word' id='word_1_165' title='bbox 245 3911 359 3950; x_wconf 90' lang='lat' dir='ltr'><strong>non</strong></span> <span class='ocrx_word' id='word_1_166' title='bbox 384 3887 718 3962; x_wconf 86' lang='lat' dir='ltr'><strong>confractus,</strong></span> <span class='ocrx_word' id='word_1_167' title='bbox 746 3910 859 3949; x_wconf 91' lang='lat' dir='ltr'><strong>non</strong></span> <span class='ocrx_word' id='word_1_168' title='bbox 886 3892 1115 3965; x_wconf 87' lang='lat' dir='ltr'><strong>divisus,</strong></span> 
     </span>
     <span class='ocr_line' id='line_1_47' title="bbox 266 3968 856 4047; baseline -0.003 -18"><span class='ocrx_word' id='word_1_169' title='bbox 266 4024 269 4029; x_wconf 80' lang='grc'><strong>.</strong></span> <span class='ocrx_word' id='word_1_170' title='bbox 320 3969 547 4047; x_wconf 79' lang='lat' dir='ltr'><strong>integer</strong></span> <span class='ocrx_word' id='word_1_171' title='bbox 570 3968 856 4047; x_wconf 86' lang='lat' dir='ltr'><strong>accipitur.</strong></span> 
     </span>
     <span class='ocr_line' id='line_1_48' title="bbox 173 4045 1022 4119; baseline -0.004 -11"><span class='ocrx_word' id='word_1_172' title='bbox 173 4045 358 4108; x_wconf 87' lang='lat' dir='ltr'><strong>Sumit</strong></span> <span class='ocrx_word' id='word_1_173' title='bbox 383 4066 549 4118; x_wconf 73' lang='lat' dir='ltr'><strong>unua,</strong></span> <span class='ocrx_word' id='word_1_174' title='bbox 575 4055 807 4105; x_wconf 89' lang='lat' dir='ltr'><strong>sumunt</strong></span> <span class='ocrx_word' id='word_1_175' title='bbox 831 4045 1022 4119; x_wconf 90' lang='lat' dir='ltr'><strong>mille;</strong></span> 
     </span>
     <span class='ocr_line' id='line_1_49' title="bbox 249 4124 1033 4203; baseline 0 -20"><span class='ocrx_word' id='word_1_176' title='bbox 249 4133 522 4203; x_wconf 89' lang='lat' dir='ltr'><strong>quantum</strong></span> <span class='ocrx_word' id='word_1_177' title='bbox 549 4125 644 4184; x_wconf 92' lang='lat' dir='ltr'><strong>isti</strong></span> <span class='ocrx_word' id='word_1_178' title='bbox 670 4132 895 4184; x_wconf 84' lang='lat' dir='ltr'><strong>tantum</strong></span> <span class='ocrx_word' id='word_1_179' title='bbox 920 4124 1033 4197; x_wconf 92' lang='lat' dir='ltr'><strong>ille,</strong></span> 
     </span>
     <span class='ocr_line' id='line_1_50' title="bbox 324 4204 1103 4282; baseline 0 -21"><span class='ocrx_word' id='word_1_180' title='bbox 324 4224 431 4263; x_wconf 89' lang='lat' dir='ltr'><strong>nec</strong></span> <span class='ocrx_word' id='word_1_181' title='bbox 455 4211 713 4282; x_wconf 88' lang='lat' dir='ltr'><strong>sumptus</strong></span> <span class='ocrx_word' id='word_1_182' title='bbox 738 4204 1103 4262; x_wconf 88' lang='lat' dir='ltr'><strong>consumitur.</strong></span> 
     </span>
    </p>
   </div>
   <div class='ocr_carea' id='block_1_3' title="bbox 170 4418 875 4546">
    <p class='ocr_par' dir='ltr' id='par_1_5' title="bbox 170 4418 875 4546">
     <span class='ocr_line' id='line_1_51' title="bbox 170 4418 875 4492; baseline -0.003 -16"><span class='ocrx_word' id='word_1_183' title='bbox 170 4428 200 4460; x_wconf 78' lang='lat'>⁸</span> <span class='ocrx_word' id='word_1_184' title='bbox 231 4438 345 4491; x_wconf 80' lang='lat' dir='ltr'><strong>cap.</strong></span> <span class='ocrx_word' id='word_1_185' title='bbox 371 4418 441 4475; x_wconf 86' lang='lat' dir='ltr'><strong>vi.</strong></span> <span class='ocrx_word' id='word_1_186' title='bbox 468 4419 526 4474; x_wconf 78' lang='lat' dir='ltr'><strong>F.</strong></span> <span class='ocrx_word' id='word_1_187' title='bbox 556 4421 629 4492; x_wconf 81' lang='lat' dir='ltr'><strong>(v.</strong></span> <span class='ocrx_word' id='word_1_188' title='bbox 656 4419 875 4492; x_wconf 84' lang='lat'><strong>55-58.)</strong></span> 
     </span>
     <span class='ocr_line' id='line_1_52' title="bbox 172 4490 580 4546; baseline 0.002 -1"><span class='ocrx_word' id='word_1_189' title='bbox 172 4490 201 4530; x_wconf 73' lang='lat' dir='ltr'><strong>b</strong></span> <span class='ocrx_word' id='word_1_190' title='bbox 236 4491 580 4546; x_wconf 62' lang='lat' dir='ltr'><strong>ereda-26.</strong></span> 
     </span>
    </p>
   </div>
   <div class='ocr_carea' id='block_1_4' title="bbox 1435 444 2680 4246">
    <p class='ocr_par' dir='ltr' id='par_1_6' title="bbox 1435 444 2680 4246">
     <span class='ocr_line' id='line_1_53' title="bbox 1435 444 2308 519; baseline -0.005 -11"><span class='ocrx_word' id='word_1_191' title='bbox 1435 448 1686 509; x_wconf 87' lang='lat' dir='ltr'><strong>Sumunt</strong></span> <span class='ocrx_word' id='word_1_192' title='bbox 1713 446 1866 518; x_wconf 90' lang='lat' dir='ltr'><strong>boni,</strong></span> <span class='ocrx_word' id='word_1_193' title='bbox 1895 452 2129 504; x_wconf 88' lang='lat' dir='ltr'><strong>sumunt</strong></span> <span class='ocrx_word' id='word_1_194' title='bbox 2156 444 2308 519; x_wconf 83' lang='lat' dir='ltr'><strong>mali,</strong></span> 
     </span>
     <span class='ocr_line' id='line_1_54' title="bbox 1515 523 2181 601; baseline -0.006 -17"><span class='ocrx_word' id='word_1_195' title='bbox 1515 535 1668 585; x_wconf 87' lang='lat' dir='ltr'><strong>sorte</strong></span> <span class='ocrx_word' id='word_1_196' title='bbox 1695 535 1889 583; x_wconf 88' lang='lat' dir='ltr'><strong>tamen</strong></span> <span class='ocrx_word' id='word_1_197' title='bbox 1916 523 2181 601; x_wconf 72' lang='lat' dir='ltr'><strong>inaequali</strong></span> 
     </span>
     <span class='ocr_line' id='line_1_55' title="bbox 1596 602 2161 662; baseline -0.005 0"><span class='ocrx_word' id='word_1_198' title='bbox 1596 604 1730 662; x_wconf 85' lang='lat' dir='ltr'><strong>vitae</strong></span> <span class='ocrx_word' id='word_1_199' title='bbox 1761 602 1850 662; x_wconf 91' lang='lat' dir='ltr'><strong>vel</strong></span> <span class='ocrx_word' id='word_1_200' title='bbox 1876 602 2161 660; x_wconf 77' lang='lat' dir='ltr'><strong>interitus,</strong></span> 
     </span>
     <span class='ocr_line' id='line_1_56' title="bbox 1435 679 2294 753; baseline -0.002 -13"><span class='ocrx_word' id='word_1_201' title='bbox 1435 681 1602 740; x_wconf 89' lang='lat' dir='ltr'><strong>Mors</strong></span> <span class='ocrx_word' id='word_1_202' title='bbox 1629 692 1715 740; x_wconf 87' lang='lat' dir='ltr'><strong>est</strong></span> <span class='ocrx_word' id='word_1_203' title='bbox 1743 679 1921 753; x_wconf 89' lang='lat' dir='ltr'><strong>malis,</strong></span> <span class='ocrx_word' id='word_1_204' title='bbox 1952 680 2070 738; x_wconf 88' lang='lat' dir='ltr'><strong>vita</strong></span> <span class='ocrx_word' id='word_1_205' title='bbox 2096 680 2294 753; x_wconf 80' lang='lat' dir='ltr'><strong>bonis3</strong></span> 
     </span>
     <span class='ocr_line' id='line_1_57' title="bbox 1517 757 2188 838; baseline -0.006 -19"><span class='ocrx_word' id='word_1_206' title='bbox 1517 760 1648 819; x_wconf 87' lang='lat' dir='ltr'><strong>vide</strong></span> <span class='ocrx_word' id='word_1_207' title='bbox 1675 759 1824 838; x_wconf 89' lang='lat' dir='ltr'><strong>paris</strong></span> <span class='ocrx_word' id='word_1_208' title='bbox 1851 757 2188 835; x_wconf 84' lang='lat' dir='ltr'><strong>sumptionis</strong></span> 
     </span>
     <span class='ocr_line' id='line_1_58' title="bbox 1597 837 2325 917; baseline -0.001 -21"><span class='ocrx_word' id='word_1_209' title='bbox 1597 857 1767 917; x_wconf 87' lang='lat' dir='ltr'><strong>quam</strong></span> <span class='ocrx_word' id='word_1_210' title='bbox 1794 837 1871 896; x_wconf 89' lang='lat' dir='ltr'><strong>sit</strong></span> <span class='ocrx_word' id='word_1_211' title='bbox 1895 837 2089 915; x_wconf 86' lang='lat' dir='ltr'><strong>dispar</strong></span> <span class='ocrx_word' id='word_1_212' title='bbox 2117 837 2325 895; x_wconf 75' lang='lat' dir='ltr'><strong>exituS.</strong></span> 
     </span>
     <span class='ocr_line' id='line_1_59' title="bbox 1442 916 2307 985; baseline -0.003 -9"><span class='ocrx_word' id='word_1_213' title='bbox 1442 916 1651 976; x_wconf 83' lang='lat' dir='ltr'><strong>Fracto</strong></span> <span class='ocrx_word' id='word_1_214' title='bbox 1677 916 1907 974; x_wconf 87' lang='lat' dir='ltr'><strong>demum</strong></span> <span class='ocrx_word' id='word_1_215' title='bbox 1936 924 2307 985; x_wconf 80' lang='lat' dir='ltr'><strong>sacramente,</strong></span> 
     </span>
     <span class='ocr_line' id='line_1_60' title="bbox 1520 993 2313 1065; baseline -0.003 -13"><span class='ocrx_word' id='word_1_216' title='bbox 1520 1015 1596 1053; x_wconf 86' lang='lat' dir='ltr'><strong>ne</strong></span> <span class='ocrx_word' id='word_1_217' title='bbox 1625 993 1865 1065; x_wconf 83' lang='lat' dir='ltr'><strong>vacilles,</strong></span> <span class='ocrx_word' id='word_1_218' title='bbox 1894 993 1994 1051; x_wconf 89' lang='lat' dir='ltr'><strong>sed</strong></span> <span class='ocrx_word' id='word_1_219' title='bbox 2021 1002 2313 1060; x_wconf 85' lang='lat' dir='ltr'><strong>memento</strong></span> 
     </span>
     <span class='ocr_line' id='line_1_61' title="bbox 1520 1070 2371 1150; baseline -0.002 -18"><span class='ocrx_word' id='word_1_220' title='bbox 1520 1081 1748 1132; x_wconf 88' lang='lat' dir='ltr'><strong>tantum</strong></span> <span class='ocrx_word' id='word_1_221' title='bbox 1777 1090 1896 1131; x_wconf 88' lang='lat' dir='ltr'><strong>esse</strong></span> <span class='ocrx_word' id='word_1_222' title='bbox 1922 1072 2024 1129; x_wconf 88' lang='lat' dir='ltr'><strong>sub</strong></span> <span class='ocrx_word' id='word_1_223' title='bbox 2050 1070 2371 1150; x_wconf 81' lang='lat' dir='ltr'><strong>fragmento</strong></span> 
     </span>
     <span class='ocr_line' id='line_1_62' title="bbox 1601 1151 2282 1229; baseline 0.001 -21"><span class='ocrx_word' id='word_1_224' title='bbox 1601 1158 1876 1229; x_wconf 87' lang='lat' dir='ltr'><strong>quantum</strong></span> <span class='ocrx_word' id='word_1_225' title='bbox 1901 1156 2023 1209; x_wconf 92' lang='lat' dir='ltr'><strong>toto</strong></span> <span class='ocrx_word' id='word_1_226' title='bbox 2049 1151 2282 1228; x_wconf 87' lang='lat' dir='ltr'><strong>tegitur.</strong></span> 
     </span>
     <span class='ocr_line' id='line_1_63' title="bbox 1446 1227 2133 1301; baseline -0.001 -14"><span class='ocrx_word' id='word_1_227' title='bbox 1446 1227 1628 1287; x_wconf 86' lang='lat' dir='ltr'><strong>Nulla</strong></span> <span class='ocrx_word' id='word_1_228' title='bbox 1654 1228 1739 1288; x_wconf 89' lang='lat' dir='ltr'><strong>rei</strong></span> <span class='ocrx_word' id='word_1_229' title='bbox 1765 1228 1836 1286; x_wconf 87' lang='lat' dir='ltr'><strong>fit</strong></span> <span class='ocrx_word' id='word_1_230' title='bbox 1861 1228 2133 1301; x_wconf 80' lang='lat' dir='ltr'><strong>scissura3</strong></span> 
     </span>
     <span class='ocr_line' id='line_1_64' title="bbox 1526 1304 2324 1386; baseline -0.003 -20"><span class='ocrx_word' id='word_1_231' title='bbox 1526 1306 1675 1386; x_wconf 86' lang='lat' dir='ltr'><strong>signi</strong></span> <span class='ocrx_word' id='word_1_232' title='bbox 1702 1314 1928 1366; x_wconf 83' lang='lat' dir='ltr'><strong>tantum</strong></span> <span class='ocrx_word' id='word_1_233' title='bbox 1955 1305 2027 1364; x_wconf 90' lang='lat' dir='ltr'><strong>fit</strong></span> <span class='ocrx_word' id='word_1_234' title='bbox 2057 1304 2324 1380; x_wconf 85' lang='lat' dir='ltr'><strong>fractura,</strong></span> 
     </span>
     <span class='ocr_line' id='line_1_65' title="bbox 1524 1392 2364 1465; baseline -0.001 -21"><span class='ocrx_word' id='word_1_235' title='bbox 1524 1405 1638 1465; x_wconf 86' lang='lat' dir='ltr'><strong>qua</strong></span> <span class='ocrx_word' id='word_1_236' title='bbox 1661 1404 1766 1443; x_wconf 90' lang='lat' dir='ltr'><strong>nec</strong></span> <span class='ocrx_word' id='word_1_237' title='bbox 1790 1392 1986 1456; x_wconf 77' lang='lat' dir='ltr'><strong>statuS,</strong></span> <span class='ocrx_word' id='word_1_238' title='bbox 2015 1403 2119 1443; x_wconf 89' lang='lat' dir='ltr'><strong>nec</strong></span> <span class='ocrx_word' id='word_1_239' title='bbox 2144 1393 2364 1444; x_wconf 82' lang='lat' dir='ltr'><strong>statura</strong></span> 
     </span>
     <span class='ocr_line' id='line_1_66' title="bbox 1603 1462 2135 1542; baseline -0.004 -21"><span class='ocrx_word' id='word_1_240' title='bbox 1603 1463 1811 1542; x_wconf 88' lang='lat' dir='ltr'><strong>signati</strong></span> <span class='ocrx_word' id='word_1_241' title='bbox 1838 1462 2135 1520; x_wconf 87' lang='lat' dir='ltr'><strong>minuitur.</strong></span> 
     </span>
     <span class='ocr_line' id='line_1_67' title="bbox 1450 1538 2163 1621; baseline -0.011 -17"><span class='ocrx_word' id='word_1_242' title='bbox 1450 1542 1598 1604; x_wconf 84' lang='lat' dir='ltr'><strong>Ecce</strong></span> <span class='ocrx_word' id='word_1_243' title='bbox 1626 1541 1788 1621; x_wconf 87' lang='lat' dir='ltr'><strong>panis</strong></span> <span class='ocrx_word' id='word_1_244' title='bbox 1813 1538 2163 1620; x_wconf 85' lang='lat' dir='ltr'><strong>angelorum,</strong></span> 
     </span>
     <span class='ocr_line' id='line_1_68' title="bbox 1526 1619 2212 1690; baseline -0.003 -12"><span class='ocrx_word' id='word_1_245' title='bbox 1526 1620 1705 1680; x_wconf 86' lang='lat' dir='ltr'><strong>factus</strong></span> <span class='ocrx_word' id='word_1_246' title='bbox 1731 1619 1885 1678; x_wconf 87' lang='lat' dir='ltr'><strong>cibus</strong></span> <span class='ocrx_word' id='word_1_247' title='bbox 1914 1619 2212 1690; x_wconf 87' lang='lat' dir='ltr'><strong>viatorum,</strong></span> 
     </span>
     <span class='ocr_line' id='line_1_69' title="bbox 1529 1695 2144 1777; baseline -0.011 -19"><span class='ocrx_word' id='word_1_248' title='bbox 1529 1719 1664 1760; x_wconf 89' lang='lat' dir='ltr'><strong>vere</strong></span> <span class='ocrx_word' id='word_1_249' title='bbox 1689 1698 1850 1777; x_wconf 90' lang='lat' dir='ltr'><strong>panis</strong></span> <span class='ocrx_word' id='word_1_250' title='bbox 1875 1695 2144 1768; x_wconf 84' lang='lat' dir='ltr'><strong>filiorum,</strong></span> 
     </span>
     <span class='ocr_line' id='line_1_70' title="bbox 1608 1772 2338 1835; baseline -0.004 0"><span class='ocrx_word' id='word_1_251' title='bbox 1608 1797 1725 1835; x_wconf 90' lang='lat' dir='ltr'><strong>non</strong></span> <span class='ocrx_word' id='word_1_252' title='bbox 1751 1773 2065 1833; x_wconf 88' lang='lat' dir='ltr'><strong>mittendus</strong></span> <span class='ocrx_word' id='word_1_253' title='bbox 2091 1772 2338 1834; x_wconf 80' lang='lat' dir='ltr'><strong>canibus.</strong></span> 
     </span>
     <span class='ocr_line' id='line_1_71' title="bbox 1453 1851 2181 1934; baseline -0.008 -20"><span class='ocrx_word' id='word_1_254' title='bbox 1453 1855 1531 1914; x_wconf 87' lang='lat' dir='ltr'><strong>In</strong></span> <span class='ocrx_word' id='word_1_255' title='bbox 1559 1854 1755 1934; x_wconf 87' lang='lat' dir='ltr'><strong>figuris</strong></span> <span class='ocrx_word' id='word_1_256' title='bbox 1782 1851 2181 1931; x_wconf 69' lang='lat' dir='ltr'><strong>praesignatur,</strong></span> 
     </span>
     <span class='ocr_line' id='line_1_72' title="bbox 1531 1930 2220 2001; baseline -0.009 -9"><span class='ocrx_word' id='word_1_257' title='bbox 1531 1953 1660 1992; x_wconf 86' lang='lat' dir='ltr'><strong>cum</strong></span> <span class='ocrx_word' id='word_1_258' title='bbox 1691 1932 1849 1990; x_wconf 83' lang='lat' dir='ltr'><strong>Isaac</strong></span> <span class='ocrx_word' id='word_1_259' title='bbox 1874 1930 2220 2001; x_wconf 89' lang='lat' dir='ltr'><strong>immolatur,</strong></span> 
     </span>
     <span class='ocr_line' id='line_1_73' title="bbox 1531 2007 2321 2091; baseline -0.005 -23"><span class='ocrx_word' id='word_1_260' title='bbox 1531 2031 1710 2091; x_wconf 82' lang='lat' dir='ltr'><strong>agnus</strong></span> <span class='ocrx_word' id='word_1_261' title='bbox 1739 2007 1972 2070; x_wconf 76' lang='lat' dir='ltr'><strong>Paschae</strong></span> <span class='ocrx_word' id='word_1_262' title='bbox 1997 2008 2321 2087; x_wconf 87' lang='lat' dir='ltr'><strong>deputatur,</strong></span> 
     </span>
     <span class='ocr_line' id='line_1_74' title="bbox 1611 2086 2312 2165; baseline -0.003 -18"><span class='ocrx_word' id='word_1_263' title='bbox 1611 2090 1779 2148; x_wconf 80' lang='lat' dir='ltr'><strong>datur</strong></span> <span class='ocrx_word' id='word_1_264' title='bbox 1805 2107 2013 2146; x_wconf 87' lang='lat' dir='ltr'><strong>manna</strong></span> <span class='ocrx_word' id='word_1_265' title='bbox 2039 2086 2312 2165; x_wconf 80' lang='lat' dir='ltr'><strong>patribus·</strong></span> 
     </span>
     <span class='ocr_line' id='line_1_75' title="bbox 1454 2165 2219 2257; baseline -0.005 -30"><span class='ocrx_word' id='word_1_266' title='bbox 1454 2167 1619 2227; x_wconf 92' lang='lat' dir='ltr'><strong>Bone</strong></span> <span class='ocrx_word' id='word_1_267' title='bbox 1646 2174 1854 2246; x_wconf 86' lang='lat' dir='ltr'><strong>pastor,</strong></span> <span class='ocrx_word' id='word_1_268' title='bbox 1882 2165 2043 2257; x_wconf 87' lang='lat' dir='ltr'><strong>panis</strong></span> <span class='ocrx_word' id='word_1_269' title='bbox 2069 2185 2219 2236; x_wconf 88' lang='lat' dir='ltr'><strong>vere,</strong></span> 
     </span>
     <span class='ocr_line' id='line_1_76' title="bbox 1534 2243 2236 2318; baseline -0.004 -12"><span class='ocrx_word' id='word_1_270' title='bbox 1534 2245 1577 2305; x_wconf 87' lang='lat' dir='ltr'><strong>J</strong></span> <span class='ocrx_word' id='word_1_271' title='bbox 1580 2266 1695 2318; x_wconf 91' lang='lat' dir='ltr'><strong>esu,</strong></span> <span class='ocrx_word' id='word_1_272' title='bbox 1724 2254 1905 2304; x_wconf 82' lang='lat' dir='ltr'><strong>nostri</strong></span> <span class='ocrx_word' id='word_1_273' title='bbox 1931 2243 2236 2315; x_wconf 81' lang='lat' dir='ltr'><strong>miserere3</strong></span> 
     </span>
     <span class='ocr_line' id='line_1_77' title="bbox 1539 2330 2284 2402; baseline 0 -21"><span class='ocrx_word' id='word_1_274' title='bbox 1539 2330 1605 2381; x_wconf 92' lang='lat' dir='ltr'><strong>tu</strong></span> <span class='ocrx_word' id='word_1_275' title='bbox 1630 2342 1736 2382; x_wconf 89' lang='lat' dir='ltr'><strong>nos</strong></span> <span class='ocrx_word' id='word_1_276' title='bbox 1764 2343 1946 2402; x_wconf 87' lang='lat' dir='ltr'><strong>pasce,</strong></span> <span class='ocrx_word' id='word_1_277' title='bbox 1976 2342 2077 2382; x_wconf 90' lang='lat' dir='ltr'><strong>nos</strong></span> <span class='ocrx_word' id='word_1_278' title='bbox 2103 2331 2284 2395; x_wconf 86' lang='lat' dir='ltr'><strong>tuere,</strong></span> 
     </span>
     <span class='ocr_line' id='line_1_78' title="bbox 1536 2400 2239 2463; baseline -0.003 -1"><span class='ocrx_word' id='word_1_279' title='bbox 1536 2411 1604 2463; x_wconf 91' lang='lat' dir='ltr'><strong>tu</strong></span> <span class='ocrx_word' id='word_1_280' title='bbox 1632 2421 1733 2460; x_wconf 87' lang='lat' dir='ltr'><strong>nos</strong></span> <span class='ocrx_word' id='word_1_281' title='bbox 1762 2404 1908 2460; x_wconf 88' lang='lat' dir='ltr'><strong>bona</strong></span> <span class='ocrx_word' id='word_1_282' title='bbox 1932 2400 2022 2460; x_wconf 86' lang='lat' dir='ltr'><strong>fac</strong></span> <span class='ocrx_word' id='word_1_283' title='bbox 2044 2401 2239 2460; x_wconf 90' lang='lat' dir='ltr'><strong>videre</strong></span> 
     </span>
     <span class='ocr_line' id='line_1_79' title="bbox 1616 2479 2217 2538; baseline -0.003 -1"><span class='ocrx_word' id='word_1_284' title='bbox 1616 2479 1679 2537; x_wconf 89' lang='lat' dir='ltr'><strong>in</strong></span> <span class='ocrx_word' id='word_1_285' title='bbox 1705 2487 1864 2538; x_wconf 86' lang='lat' dir='ltr'><strong>terra</strong></span> <span class='ocrx_word' id='word_1_286' title='bbox 1888 2479 2217 2538; x_wconf 88' lang='lat' dir='ltr'><strong>viventium.</strong></span> 
     </span>
     <span class='ocr_line' id='line_1_80' title="bbox 1458 2554 2332 2635; baseline -0.005 -17"><span class='ocrx_word' id='word_1_287' title='bbox 1458 2557 1570 2630; x_wconf 76' lang='lat' dir='ltr'><strong>Tu,</strong></span> <span class='ocrx_word' id='word_1_288' title='bbox 1596 2558 1696 2635; x_wconf 90' lang='lat' dir='ltr'><strong>qui</strong></span> <span class='ocrx_word' id='word_1_289' title='bbox 1721 2564 1923 2617; x_wconf 86' lang='lat' dir='ltr'><strong>cuncta</strong></span> <span class='ocrx_word' id='word_1_290' title='bbox 1947 2557 2052 2615; x_wconf 88' lang='lat' dir='ltr'><strong>scis</strong></span> <span class='ocrx_word' id='word_1_291' title='bbox 2077 2564 2139 2616; x_wconf 89' lang='lat' dir='ltr'><strong>et</strong></span> <span class='ocrx_word' id='word_1_292' title='bbox 2164 2554 2332 2627; x_wconf 85' lang='lat' dir='ltr'><strong>vales,</strong></span> 
     </span>
     <span class='ocr_line' id='line_1_81' title="bbox 1539 2633 2398 2715; baseline -0.002 -21"><span class='ocrx_word' id='word_1_293' title='bbox 1539 2636 1639 2715; x_wconf 90' lang='lat' dir='ltr'><strong>qui</strong></span> <span class='ocrx_word' id='word_1_294' title='bbox 1666 2655 1766 2694; x_wconf 85' lang='lat' dir='ltr'><strong>nos</strong></span> <span class='ocrx_word' id='word_1_295' title='bbox 1793 2635 1970 2714; x_wconf 88' lang='lat' dir='ltr'><strong>pascis</strong></span> <span class='ocrx_word' id='word_1_296' title='bbox 1995 2635 2088 2693; x_wconf 91' lang='lat' dir='ltr'><strong>hic</strong></span> <span class='ocrx_word' id='word_1_297' title='bbox 2112 2633 2398 2706; x_wconf 85' lang='lat' dir='ltr'><strong>mortales,</strong></span> 
     </span>
     <span class='ocr_line' id='line_1_82' title="bbox 1458 2712 2279 2786; baseline -0.004 -12"><span class='ocrx_word' id='word_1_298' title='bbox 1458 2750 1465 2755; x_wconf 91' lang='lat'><em>-</em></span> <span class='ocrx_word' id='word_1_299' title='bbox 1539 2725 1605 2774; x_wconf 89' lang='lat' dir='ltr'><strong>tu</strong></span> <span class='ocrx_word' id='word_1_300' title='bbox 1634 2733 1735 2772; x_wconf 91' lang='lat' dir='ltr'><strong>nos</strong></span> <span class='ocrx_word' id='word_1_301' title='bbox 1756 2714 1834 2771; x_wconf 92' lang='lat' dir='ltr'><strong>ibi</strong></span> <span class='ocrx_word' id='word_1_302' title='bbox 1860 2712 2279 2786; x_wconf 88' lang='lat' dir='ltr'><strong>commensales,</strong></span> 
     </span>
     <span class='ocr_line' id='line_1_83' title="bbox 1540 2790 2191 2852; baseline -0.008 0"><span class='ocrx_word' id='word_1_303' title='bbox 1540 2790 1864 2852; x_wconf 84' lang='lat' dir='ltr'><strong>cohaeredes</strong></span> <span class='ocrx_word' id='word_1_304' title='bbox 1891 2799 1951 2850; x_wconf 94' lang='lat' dir='ltr'><strong>et</strong></span> <span class='ocrx_word' id='word_1_305' title='bbox 1976 2790 2191 2850; x_wconf 89' lang='lat' dir='ltr'><strong>sodales</strong></span> 
     </span>
     <span class='ocr_line' id='line_1_84' title="bbox 1619 2868 2300 2931; baseline -0.007 -3"><span class='ocrx_word' id='word_1_306' title='bbox 1619 2868 1706 2928; x_wconf 88' lang='lat' dir='ltr'><strong>fac</strong></span> <span class='ocrx_word' id='word_1_307' title='bbox 1732 2877 2053 2928; x_wconf 89' lang='lat' dir='ltr'><strong>sanctorum</strong></span> <span class='ocrx_word' id='word_1_308' title='bbox 2078 2868 2300 2931; x_wconf 78' lang='lat' dir='ltr'><strong>civium.</strong></span> 
     </span>
     <span class='ocr_line' id='line_1_85' title="bbox 1548 2946 2264 3008; baseline -0.006 -1"><span class='ocrx_word' id='word_1_309' title='bbox 1548 2946 1868 3008; x_wconf 74' lang='lat' dir='ltr'><strong>Secundum</strong></span> <span class='ocrx_word' id='word_1_310' title='bbox 1894 2947 1943 3006; x_wconf 85' lang='lat' dir='ltr'><em>J</em></span> <span class='ocrx_word' id='word_1_311' title='bbox 1943 2948 2264 3005; x_wconf 72' lang='lat' dir='ltr'><strong>ohannem.⁸</strong></span> 
     </span>
     <span class='ocr_line' id='line_1_86' title="bbox 1547 3020 2661 3103; baseline -0.004 -19"><span class='ocrx_word' id='word_1_312' title='bbox 1547 3027 1622 3084; x_wconf 94' lang='lat' dir='ltr'><strong>In</strong></span> <span class='ocrx_word' id='word_1_313' title='bbox 1648 3027 1748 3086; x_wconf 94' lang='lat' dir='ltr'><strong>illo</strong></span> <span class='ocrx_word' id='word_1_314' title='bbox 1788 3034 2065 3103; x_wconf 87' lang='lat' dir='ltr'><strong>tempore,</strong></span> <span class='ocrx_word' id='word_1_315' title='bbox 2095 3024 2261 3083; x_wconf 84' lang='lat' dir='ltr'><strong>Dixit</strong></span> <span class='ocrx_word' id='word_1_316' title='bbox 2297 3020 2342 3081; x_wconf 88' lang='lat' dir='ltr'><strong>J</strong></span> <span class='ocrx_word' id='word_1_317' title='bbox 2342 3040 2468 3081; x_wconf 84' lang='lat' dir='ltr'><strong>esus</strong></span> <span class='ocrx_word' id='word_1_318' title='bbox 2494 3022 2661 3081; x_wconf 90' lang='lat' dir='ltr'><strong>disci-</strong></span> 
     </span>
     <span class='ocr_line' id='line_1_87' title="bbox 1465 3101 2663 3185; baseline -0.004 -22"><span class='ocrx_word' id='word_1_319' title='bbox 1465 3105 1613 3185; x_wconf 89' lang='lat' dir='ltr'><strong>pulis</strong></span> <span class='ocrx_word' id='word_1_320' title='bbox 1638 3107 1753 3163; x_wconf 88' lang='lat' dir='ltr'><strong>suis</strong></span> <span class='ocrx_word' id='word_1_321' title='bbox 1785 3112 1846 3163; x_wconf 88' lang='lat' dir='ltr'><strong>et</strong></span> <span class='ocrx_word' id='word_1_322' title='bbox 1882 3104 2066 3162; x_wconf 88' lang='lat' dir='ltr'><strong>turbis</strong></span> <span class='ocrx_word' id='word_1_323' title='bbox 2104 3101 2474 3174; x_wconf 78' lang='lat' dir='ltr'><strong>Judaeorum3</strong></span> <span class='ocrx_word' id='word_1_324' title='bbox 2513 3101 2663 3162; x_wconf 85' lang='lat' dir='ltr'><strong>Caro</strong></span> 
     </span>
     <span class='ocr_line' id='line_1_88' title="bbox 1467 3178 2663 3257; baseline -0.003 -17"><span class='ocrx_word' id='word_1_325' title='bbox 1467 3204 1597 3243; x_wconf 89' lang='lat' dir='ltr'><strong>mea</strong></span> <span class='ocrx_word' id='word_1_326' title='bbox 1636 3203 1766 3243; x_wconf 87' lang='lat' dir='ltr'><strong>vere</strong></span> <span class='ocrx_word' id='word_1_327' title='bbox 1807 3187 1894 3241; x_wconf 87' lang='lat' dir='ltr'><strong>est</strong></span> <span class='ocrx_word' id='word_1_328' title='bbox 1930 3181 2102 3252; x_wconf 78' lang='lat' dir='ltr'><strong>cibuS,</strong></span> <span class='ocrx_word' id='word_1_329' title='bbox 2139 3187 2200 3239; x_wconf 88' lang='lat' dir='ltr'><strong>et</strong></span> <span class='ocrx_word' id='word_1_330' title='bbox 2238 3178 2465 3257; x_wconf 87' lang='lat' dir='ltr'><strong>sanguis</strong></span> <span class='ocrx_word' id='word_1_331' title='bbox 2503 3198 2663 3238; x_wconf 89' lang='lat' dir='ltr'><strong>meus</strong></span> 
     </span>
     <span class='ocr_line' id='line_1_89' title="bbox 1468 3257 2663 3340; baseline -0.005 -20"><span class='ocrx_word' id='word_1_332' title='bbox 1468 3281 1602 3322; x_wconf 89' lang='lat' dir='ltr'><strong>vere</strong></span> <span class='ocrx_word' id='word_1_333' title='bbox 1629 3269 1717 3320; x_wconf 88' lang='lat' dir='ltr'><strong>est</strong></span> <span class='ocrx_word' id='word_1_334' title='bbox 1742 3266 1931 3340; x_wconf 78' lang='lat' dir='ltr'><strong>potus,</strong></span> <span class='ocrx_word' id='word_1_335' title='bbox 2014 3258 2130 3324; x_wconf 80' lang='lat' dir='ltr'><strong>Qui</strong></span> <span class='ocrx_word' id='word_1_336' title='bbox 2157 3257 2458 3315; x_wconf 88' lang='lat' dir='ltr'><strong>manducat</strong></span> <span class='ocrx_word' id='word_1_337' title='bbox 2476 3277 2663 3316; x_wconf 83' lang='lat' dir='ltr'><strong>meam</strong></span> 
     </span>
     <span class='ocr_line' id='line_1_90' title="bbox 1466 3334 2664 3407; baseline -0.007 -7"><span class='ocrx_word' id='word_1_338' title='bbox 1466 3360 1698 3400; x_wconf 86' lang='lat' dir='ltr'><strong>carnem</strong></span> <span class='ocrx_word' id='word_1_339' title='bbox 1724 3348 1784 3398; x_wconf 88' lang='lat' dir='ltr'><strong>et</strong></span> <span class='ocrx_word' id='word_1_340' title='bbox 1811 3337 1955 3397; x_wconf 89' lang='lat' dir='ltr'><strong>bibit</strong></span> <span class='ocrx_word' id='word_1_341' title='bbox 1993 3356 2183 3395; x_wconf 92' lang='lat' dir='ltr'><strong>meum</strong></span> <span class='ocrx_word' id='word_1_342' title='bbox 2223 3355 2321 3393; x_wconf 90' lang='lat' dir='ltr'><strong>san</strong></span> <span class='ocrx_word' id='word_1_343' title='bbox 2404 3336 2574 3407; x_wconf 86' lang='lat' dir='ltr'><strong>&#39;nem,</strong></span> <span class='ocrx_word' id='word_1_344' title='bbox 2602 3334 2664 3392; x_wconf 90' lang='lat' dir='ltr'><strong>in</strong></span> 
     </span>
     <span class='ocr_line' id='line_1_91' title="bbox 1468 3413 2666 3495; baseline -0.003 -19"><span class='ocrx_word' id='word_1_345' title='bbox 1468 3438 1564 3476; x_wconf 90' lang='lat' dir='ltr'><strong>me</strong></span> <span class='ocrx_word' id='word_1_346' title='bbox 1590 3425 1784 3476; x_wconf 91' lang='lat' dir='ltr'><strong>manet</strong></span> <span class='ocrx_word' id='word_1_347' title='bbox 1810 3424 1869 3476; x_wconf 89' lang='lat' dir='ltr'><strong>et</strong></span> <span class='ocrx_word' id='word_1_348' title='bbox 1908 3435 2012 3495; x_wconf 90' lang='lat' dir='ltr'><strong>ego</strong></span> <span class='ocrx_word' id='word_1_349' title='bbox 2038 3415 2098 3472; x_wconf 91' lang='lat' dir='ltr'><strong>in</strong></span> <span class='ocrx_word' id='word_1_350' title='bbox 2130 3413 2246 3473; x_wconf 87' lang='lat' dir='ltr'><strong>illo.</strong></span> <span class='ocrx_word' id='word_1_351' title='bbox 2370 3414 2483 3473; x_wconf 91' lang='lat' dir='ltr'><strong>icut</strong></span> <span class='ocrx_word' id='word_1_352' title='bbox 2508 3414 2666 3473; x_wconf 89' lang='lat' dir='ltr'><strong>misit</strong></span> 
     </span>
     <span class='ocr_line' id='line_1_92' title="bbox 1468 3492 2666 3572; baseline -0.005 -16"><span class='ocrx_word' id='word_1_353' title='bbox 1468 3517 1564 3556; x_wconf 91' lang='lat' dir='ltr'><strong>me</strong></span> <span class='ocrx_word' id='word_1_354' title='bbox 1591 3497 1785 3554; x_wconf 88' lang='lat' dir='ltr'><strong>vivens</strong></span> <span class='ocrx_word' id='word_1_355' title='bbox 1824 3494 2018 3566; x_wconf 87' lang='lat' dir='ltr'><strong>Pater,</strong></span> <span class='ocrx_word' id='word_1_356' title='bbox 2046 3502 2106 3554; x_wconf 88' lang='lat' dir='ltr'><strong>et</strong></span> <span class='ocrx_word' id='word_1_357' title='bbox 2137 3512 2242 3571; x_wconf 89' lang='lat' dir='ltr'><strong>ego</strong></span> <span class='ocrx_word' id='word_1_358' title='bbox 2267 3492 2392 3551; x_wconf 88' lang='lat' dir='ltr'><strong>vivo</strong></span> <span class='ocrx_word' id='word_1_359' title='bbox 2430 3500 2666 3572; x_wconf 86' lang='lat' dir='ltr'><strong>propter</strong></span> 
     </span>
     <span class='ocr_line' id='line_1_93' title="bbox 1469 3573 2667 3653; baseline -0.007 -17"><span class='ocrx_word' id='word_1_360' title='bbox 1469 3576 1741 3636; x_wconf 87' lang='lat' dir='ltr'><strong>Patrem:</strong></span> <span class='ocrx_word' id='word_1_361' title='bbox 1784 3582 1845 3633; x_wconf 89' lang='lat' dir='ltr'><strong>et</strong></span> <span class='ocrx_word' id='word_1_362' title='bbox 1869 3573 1965 3653; x_wconf 89' lang='lat' dir='ltr'><strong>qui</strong></span> <span class='ocrx_word' id='word_1_363' title='bbox 1991 3573 2296 3631; x_wconf 82' lang='lat' dir='ltr'><strong>manducat</strong></span> <span class='ocrx_word' id='word_1_364' title='bbox 2321 3592 2433 3644; x_wconf 89' lang='lat' dir='ltr'><strong>me,</strong></span> <span class='ocrx_word' id='word_1_365' title='bbox 2461 3579 2521 3631; x_wconf 93' lang='lat' dir='ltr'><strong>et</strong></span> <span class='ocrx_word' id='word_1_366' title='bbox 2546 3573 2667 3650; x_wconf 89' lang='lat' dir='ltr'><strong>ipse</strong></span> 
     </span>
     <span class='ocr_line' id='line_1_94' title="bbox 1469 3648 2668 3729; baseline -0.005 -17"><span class='ocrx_word' id='word_1_367' title='bbox 1469 3653 1624 3713; x_wconf 87' lang='lat' dir='ltr'><strong>vivet</strong></span> <span class='ocrx_word' id='word_1_368' title='bbox 1689 3672 1753 3709; x_wconf 85' lang='lat' dir='ltr'><strong>ro</strong></span> <span class='ocrx_word' id='word_1_369' title='bbox 1795 3660 1885 3711; x_wconf 90' lang='lat' dir='ltr'><strong>ter</strong></span> <span class='ocrx_word' id='word_1_370' title='bbox 1911 3671 2022 3710; x_wconf 88' lang='lat' dir='ltr'><strong>me.</strong></span> <span class='ocrx_word' id='word_1_371' title='bbox 2122 3650 2241 3710; x_wconf 88' lang='lat' dir='ltr'><strong>Hic</strong></span> <span class='ocrx_word' id='word_1_372' title='bbox 2268 3659 2355 3710; x_wconf 89' lang='lat' dir='ltr'><strong>est</strong></span> <span class='ocrx_word' id='word_1_373' title='bbox 2383 3649 2544 3729; x_wconf 84' lang='lat' dir='ltr'><strong>panis</strong></span> <span class='ocrx_word' id='word_1_374' title='bbox 2570 3648 2668 3727; x_wconf 88' lang='lat' dir='ltr'><strong>qui</strong></span> 
     </span>
     <span class='ocr_line' id='line_1_95' title="bbox 1470 3728 2669 3790; baseline -0.003 0"><span class='ocrx_word' id='word_1_375' title='bbox 1470 3732 1545 3790; x_wconf 92' lang='lat' dir='ltr'><strong>de</strong></span> <span class='ocrx_word' id='word_1_376' title='bbox 1570 3750 1654 3789; x_wconf 85' lang='lat' dir='ltr'><strong>cce</strong></span> <span class='ocrx_word' id='word_1_377' title='bbox 1678 3750 1711 3788; x_wconf 94' lang='lat' dir='ltr'><strong>o</strong></span> <span class='ocrx_word' id='word_1_378' title='bbox 1792 3730 2062 3789; x_wconf 88' lang='lat' dir='ltr'><strong>escendit.</strong></span> <span class='ocrx_word' id='word_1_379' title='bbox 2157 3728 2300 3788; x_wconf 88' lang='lat' dir='ltr'><strong>Non</strong></span> <span class='ocrx_word' id='word_1_380' title='bbox 2338 3729 2482 3788; x_wconf 90' lang='lat' dir='ltr'><strong>sicut</strong></span> <span class='ocrx_word' id='word_1_381' title='bbox 2507 3748 2669 3786; x_wconf 88' lang='lat' dir='ltr'><strong>man-</strong></span> 
     </span>
     <span class='ocr_line' id='line_1_96' title="bbox 1471 3807 2671 3888; baseline -0.003 -20"><span class='ocrx_word' id='word_1_382' title='bbox 1471 3810 1824 3868; x_wconf 89' lang='lat' dir='ltr'><strong>ducaverunt</strong></span> <span class='ocrx_word' id='word_1_383' title='bbox 1865 3817 2057 3888; x_wconf 85' lang='lat' dir='ltr'><strong>patres</strong></span> <span class='ocrx_word' id='word_1_384' title='bbox 2108 3807 2281 3868; x_wconf 87' lang='lat' dir='ltr'><strong>vestri</strong></span> <span class='ocrx_word' id='word_1_385' title='bbox 2328 3827 2555 3879; x_wconf 89' lang='lat' dir='ltr'><strong>manna,</strong></span> <span class='ocrx_word' id='word_1_386' title='bbox 2610 3816 2671 3865; x_wconf 92' lang='lat' dir='ltr'><strong>et</strong></span> 
     </span>
     <span class='ocr_line' id='line_1_97' title="bbox 1473 3885 2672 3955; baseline -0.003 -10"><span class='ocrx_word' id='word_1_387' title='bbox 1473 3888 1688 3946; x_wconf 90' lang='lat' dir='ltr'><strong>mortui</strong></span> <span class='ocrx_word' id='word_1_388' title='bbox 1741 3896 1894 3946; x_wconf 90' lang='lat' dir='ltr'><strong>sunt.</strong></span> <span class='ocrx_word' id='word_1_389' title='bbox 2004 3885 2121 3955; x_wconf 84' lang='lat' dir='ltr'><strong>Qui</strong></span> <span class='ocrx_word' id='word_1_390' title='bbox 2172 3886 2477 3945; x_wconf 88' lang='lat' dir='ltr'><strong>manducat</strong></span> <span class='ocrx_word' id='word_1_391' title='bbox 2523 3885 2672 3943; x_wconf 90' lang='lat' dir='ltr'><strong>hunc</strong></span> 
     </span>
     <span class='ocr_line' id='line_1_98' title="bbox 1472 3962 2323 4044; baseline -0.005 -20"><span class='ocrx_word' id='word_1_392' title='bbox 1472 3986 1700 4044; x_wconf 87' lang='lat' dir='ltr'><strong>panem,</strong></span> <span class='ocrx_word' id='word_1_393' title='bbox 1728 3966 1883 4024; x_wconf 89' lang='lat' dir='ltr'><strong>vivet</strong></span> <span class='ocrx_word' id='word_1_394' title='bbox 1908 3963 1969 4021; x_wconf 86' lang='lat' dir='ltr'><strong>in</strong></span> <span class='ocrx_word' id='word_1_395' title='bbox 1996 3962 2323 4023; x_wconf 54' lang='lat' dir='ltr'><strong>aeternum?</strong></span> 
     </span>
     <span class='ocr_line' id='line_1_99' title="bbox 1558 4042 1968 4120; baseline -0.007 -18"><span class='ocrx_word' id='word_1_396' title='bbox 1558 4042 1968 4120; x_wconf 60' lang='lat' dir='ltr'><strong>offertoriums</strong></span> 
     </span>
     <span class='ocr_line' id='line_1_100' title="bbox 1546 4115 2680 4187; baseline -0.005 -11"><span class='ocrx_word' id='word_1_397' title='bbox 1546 4120 1852 4176; x_wconf 84' lang='lat' dir='ltr'><strong>Sacerdotes</strong></span> <span class='ocrx_word' id='word_1_398' title='bbox 1874 4115 2095 4173; x_wconf 87' lang='lat' dir='ltr'><strong>Domini</strong></span> <span class='ocrx_word' id='word_1_399' title='bbox 2118 4116 2395 4171; x_wconf 88' lang='lat' dir='ltr'><strong>incensum</strong></span> <span class='ocrx_word' id='word_1_400' title='bbox 2422 4120 2477 4170; x_wconf 82' lang='lat' dir='ltr'><strong>et</strong></span> <span class='ocrx_word' id='word_1_401' title='bbox 2510 4132 2680 4187; x_wconf 87' lang='lat' dir='ltr'><strong>panes</strong></span> 
     </span>
     <span class='ocr_line' id='line_1_101' title="bbox 1475 4185 2678 4246; baseline -0.003 0"><span class='ocrx_word' id='word_1_402' title='bbox 1475 4190 1709 4246; x_wconf 81' lang='lat' dir='ltr'><strong>offerunt</strong></span> <span class='ocrx_word' id='word_1_403' title='bbox 1740 4190 1852 4244; x_wconf 93' lang='lat' dir='ltr'><strong>Deo</strong></span> <span class='ocrx_word' id='word_1_404' title='bbox 1879 4206 1891 4242; x_wconf 71' lang='grc' dir='ltr'>ι</span> <span class='ocrx_word' id='word_1_405' title='bbox 1917 4194 1972 4241; x_wconf 87' lang='lat' dir='ltr'><strong>et</strong></span> <span class='ocrx_word' id='word_1_406' title='bbox 2006 4187 2127 4241; x_wconf 89' lang='lat' dir='ltr'><strong>ideo</strong></span> <span class='ocrx_word' id='word_1_407' title='bbox 2161 4185 2334 4240; x_wconf 82' lang='lat' dir='ltr'><strong>sancti</strong></span> <span class='ocrx_word' id='word_1_408' title='bbox 2369 4193 2531 4240; x_wconf 86' lang='lat' dir='ltr'><strong>erunt</strong></span> <span class='ocrx_word' id='word_1_409' title='bbox 2565 4187 2678 4242; x_wconf 92' lang='lat' dir='ltr'><strong>Deo</strong></span> 
     </span>
    </p>
   </div>
   <div class='ocr_carea' id='block_1_5' title="bbox 1482 4420 2149 4496">
    <p class='ocr_par' dir='ltr' id='par_1_7' title="bbox 1482 4420 2149 4496">
     <span class='ocr_line' id='line_1_102' title="bbox 1482 4420 2149 4496; baseline -0.01 -15"><span class='ocrx_word' id='word_1_410' title='bbox 1482 4435 1509 4464; x_wconf 77' lang='lat'><strong>⁰</strong></span> <span class='ocrx_word' id='word_1_411' title='bbox 1546 4425 1671 4482; x_wconf 90' lang='lat' dir='ltr'><strong>Lev.</strong></span> <span class='ocrx_word' id='word_1_412' title='bbox 1696 4441 1811 4496; x_wconf 82' lang='lat' dir='ltr'><strong>cap.</strong></span> <span class='ocrx_word' id='word_1_413' title='bbox 1835 4421 1944 4476; x_wconf 85' lang='lat' dir='ltr'><strong>xxi.</strong></span> <span class='ocrx_word' id='word_1_414' title='bbox 1974 4420 2043 4493; x_wconf 86' lang='lat' dir='ltr'><strong>(v.</strong></span> <span class='ocrx_word' id='word_1_415' title='bbox 2072 4421 2149 4493; x_wconf 88' lang='grc'><strong>6.)</strong></span> 
     </span>
    </p>
   </div>
  </div>
 </body>
</html>
