2975 5009
368 218 499 282 323
1090 228 1315 278 renui
1349 228 1587 278 suxi-A
1619 228 1699 277 m
1734 227 2180 277 PAnAscnvn.
2755 210 2864 275 324

369 389 514 448 Erat
558 393 750 445 autem
805 385 1112 465 scriptum:
1163 385 1207 444 J
1209 405 1336 444 esus
1395 385 1587 443 Naza-

373 486 564 536 renns,
611 465 743 522 Rex
790 465 831 522 J
836 464 1145 521 udaeorum.
1227 463 1405 522 Hunc
1452 483 1590 541 ergo

375 544 608 605 titulum
664 541 832 600 multi
886 540 1149 620 legerunt
1204 541 1246 599 J
1251 544 1587 599 udoeorum:

379 624 513 700 quia
592 641 727 699 rope
775 622 1062 679 civitatem
1111 632 1236 678 erat
1284 620 1453 690 locus,
1495 620 1591 678 ubi

379 702 528 760 cruci
578 719 682 757 xus
711 713 798 757 est
824 700 865 757 J
869 718 1026 757 esus:
1070 707 1129 756 et
1169 709 1293 757 erat
1319 699 1423 756 scri
1469 711 1592 755 tum

385 779 686 847 Hebraico,
734 777 953 847 Graece,
1004 785 1063 836 et
1117 776 1340 835 Latine.
1424 720 1593 834 θωρ-

385 860 525 917 bant
541 876 676 932 ergo
700 854 884 913 Pilato
905 855 1211 913 Pontifices
1228 855 1270 913 J
1273 858 1562 912 udaeorum
1577 874 1593 924 ;

384 957 443 994 a.
474 934 614 992 Noli
643 933 904 1004 scribere,
933 934 1060 991 Rex
1088 932 1130 991 J
1134 934 1421 991 udaeorum
1447 954 1458 990 :
1495 932 1595 991 sed

388 1015 521 1091 quia
546 1013 667 1091 ipse
694 1012 845 1069 dixit
869 1032 882 1069 z
933 1011 1062 1069 Rex
1088 1031 1213 1068 sum
1240 1012 1281 1069 J
1284 1014 1595 1069 udaeorum.

389 1113 465 1150 m.
492 1089 812 1168 Respondit
832 1089 1050 1147 Pilatus
1071 1111 1087 1160 ;
1111 1110 1164 1145 a.
1193 1090 1360 1157 Quod
1382 1089 1596 1167 scripsi,

393 1170 608 1248 scripsi,
691 1188 766 1224 m.
811 1168 1031 1226 Milites
1069 1188 1205 1246 ergo
1248 1188 1377 1226 cum
1424 1169 1599 1226 cruci-

393 1249 656 1305 fixissent
696 1266 846 1315 eum,
887 1255 1223 1323 acceperunt
1261 1247 1604 1305 vestimenta

394 1328 536 1402 ejus,
564 1333 624 1383 et
649 1323 905 1382 fecerunt
943 1335 1187 1402 quatuor
1225 1335 1436 1403 parteS,
1477 1324 1605 1380 uni-

392 1406 594 1481 cuique
612 1400 777 1460 militi
795 1411 1038 1481 partem,
1060 1411 1119 1461 et
1139 1404 1406 1461 tunicam.
1463 1402 1606 1460 Erat

395 1491 592 1541 autem
658 1481 849 1539 tunica
916 1481 1282 1553 inconsutiliS,
1363 1481 1605 1557 desuper

394 1569 665 1620 contexta
703 1580 808 1637 per
845 1568 1051 1617 totum.
1135 1557 1430 1618 Dixerunt
1470 1578 1607 1636 ergo

396 1641 471 1698 ad
508 1639 783 1696 invicem:
834 1658 887 1694 a.
933 1637 1070 1694 Non
1099 1637 1418 1696 scindamus
1458 1656 1607 1706 eam,

398 1718 500 1778 sed
526 1717 828 1775 sortiamur
849 1715 922 1773 de
951 1715 1046 1773 illa
1073 1716 1229 1794 cujus
1256 1718 1347 1775 sit.
1416 1736 1490 1771 m.
1518 1713 1609 1772 Ut

402 1797 698 1874 Scriptura
737 1794 1087 1871 impleretur,
1125 1795 1350 1853 dicens:
1400 1791 1610 1851 Partiti

409 1884 544 1933 sunt
571 1874 910 1929 vestimenta
938 1893 1063 1929 mea
1088 1873 1210 1943 sibi,

480 1952 601 2008 Hic
628 1950 892 2006 accedant
918 1951 1029 2007 duo
1049 1949 1305 2007 ministri
1331 1949 1398 2006 in
1417 1969 1613 2024 super-

395 2029 706 2107 pelliciis,*
734 2048 881 2083 unus
907 2028 986 2084 ad
1012 2029 1268 2084 deaetmm
1293 2035 1343 2084 et
1363 2027 1515 2083 alius
1537 2025 1615 2082 ad

402 2109 702 2165 sinistrum
742 2125 915 2162 cornu
954 2106 1201 2176 altaris;
1241 2114 1290 2162 et
1328 2105 1462 2161 &ide
1502 2105 1615 2160 duo

412 2183 750 2242 linteamina
795 2194 824 2223 ⁸
843 2192 1135 2240 amoveant
1152 2191 1180 2219 ⁸
1226 2203 1348 2259 quoe
1393 2183 1472 2239 ad
1516 2183 1616 2239 hoc

410 2284 578 2339 super
605 2260 784 2317 altare
794 2260 1035 2336 fuerunt
1061 2262 1338 2337 apposita.

410 2349 470 2399 et
507 2342 567 2397 in
602 2347 817 2396 vestem
859 2360 1043 2396 meam
1077 2340 1354 2397 miserunt
1381 2346 1613 2396 sortem.

411 2419 491 2476 Et
518 2416 726 2475 milites
753 2417 981 2492 quidem
1006 2417 1126 2475 haec
1144 2416 1418 2476 fecerunt.
1489 2417 1616 2476 Sta-

411 2500 549 2554 bant
574 2502 765 2552 autem
787 2496 955 2571 juxta
991 2516 1212 2553 crucem
1253 2496 1295 2554 J
1297 2516 1392 2553 esu
1432 2501 1619 2552 mater

412 2575 553 2652 ejuS,
581 2583 641 2631 et
675 2593 833 2630 soror
860 2575 1060 2632 matris
1101 2574 1222 2651 ejus
1265 2574 1450 2631 Maria
1488 2571 1620 2631 Cle·

415 2652 600 2729 ophae,
654 2658 714 2708 et
768 2651 958 2708 Maria
1010 2650 1370 2729 Magdalene.
1471 2651 1617 2710 Cum

414 2731 646 2788 vidisset
684 2749 820 2807 ergo
859 2730 900 2787 J
905 2750 1026 2787 esus
1071 2738 1310 2788 matrem
1353 2738 1412 2788 et
1454 2729 1621 2787 disci-

416 2807 613 2887 pulum
641 2815 888 2865 stantem
930 2829 1098 2885 quem
1140 2808 1431 2886 diligebat,
1472 2807 1623 2866 dixit

417 2886 588 2944 matri
615 2905 762 2955 suae;
803 2886 851 2941 b.
884 2886 1109 2956 Mulier,
1140 2906 1264 2944 ecce
1294 2886 1444 2945 filius
1471 2894 1619 2944 tuus·

418 2986 492 3021 m.
554 2964 776 3021 Deinde
827 2964 979 3021 dixit
1025 2964 1329 3041 discipulo;
1384 2966 1431 3021 b.
1477 2964 1625 3022 Ecce

422 3051 604 3100 mater
624 3052 739 3100 tua.
821 3062 896 3098 m.
929 3044 1009 3101 Et
1035 3063 1110 3101 ex
1130 3042 1226 3099 illa
1252 3042 1390 3100 hora
1410 3042 1626 3120 accepit

422 3141 548 3178 eam
569 3119 869 3197 discipulus
890 3121 950 3176 in
972 3141 1148 3178 suam.
1218 3121 1426 3179 Postea
1444 3120 1626 3179 sciens

421 3199 589 3257 Jesus
599 3197 731 3275 quia
740 3198 861 3276 jam
874 3199 1063 3257 omnia
1076 3218 1176 3257 con
1183 3207 1461 3256 summata
1475 3206 1626 3268 sunt,

425 3290 487 3334 ut
538 3284 1020 3335 consummaretur
1074 3277 1383 3353 Scriptura,
1437 3277 1627 3345 dixit3

423 3355 470 3411 b.
517 3353 677 3413 Sitio.
758 3374 833 3411 m.
881 3353 1003 3412 Vas
1049 3373 1184 3431 ergo
1222 3354 1465 3431 positum
1508 3362 1630 3413 erat

424 3441 584 3490 aceto
625 3431 876 3510 plenum.
959 3431 1054 3488 Illi
1100 3440 1291 3489 autem
1333 3434 1626 3512 spongiam

429 3510 655 3588 plenam
683 3521 842 3568 aceto
863 3508 1104 3588 hyssopo
1124 3510 1629 3588 circumponentes,

429 3587 758 3646 obtulerunt
784 3587 868 3645 ori
901 3586 1038 3665 ejus.
1119 3588 1262 3647 Cum
1305 3609 1439 3668 ergo
1477 3609 1633 3648 acce-

430 3667 606 3744 pisset
654 3664 823 3724 Jesus
863 3673 1102 3734 acetum,
1157 3666 1306 3724 dixit
1327 3687 1343 3737 ;
1400 3668 1447 3724 b.
1481 3667 1631 3727 con-

429 3752 772 3802 summatum
791 3750 894 3803 est.
970 3763 1046 3800 m.
1065 3744 1144 3803 Et
1162 3743 1434 3804 inclinato
1450 3747 1635 3825 capite

432 3823 671 3881 tradidit
697 3822 978 3899 spiritum.

412 3954 418 3960 .
516 3898 795 3976 Sequatur
811 3899 987 3958 Pater
1003 3906 1210 3958 noster.
1279 3900 1410 3960 Ave
1430 3901 1636 3960 Maria.

434 3977 509 4035 In
536 3998 736 4036 manus
761 3985 905 4035 tuas.

513 4077 589 4112 m.
628 4054 671 4113 J
674 4055 821 4113 udaei
857 4074 991 4131 ergo
1030 4056 1295 4131 quoniam
1330 4057 1639 4117 Parasceve

436 4142 578 4206 erat,
607 4141 673 4190 ut
700 4153 812 4189 non
853 4142 1216 4192 remanerent
1244 4135 1303 4191 in
1329 4155 1490 4194 cruce
1517 4153 1639 4194 cor-

436 4268 464 4299 ¹²
499 4260 1017 4315 ammoveant.—98.
1044 4261 1141 4315 4L.
1171 4262 1255 4315 26.

436 4333 463 4370 b
499 4331 793 4385 secundum
827 4331 1138 4386 Johannem
1163 4350 1276 4404 cap.
1307 4333 1417 4387 xix.
1446 4332 1640 4388 38-42.

437 4439 472 4472 ’θ
507 4439 582 4492 ad
599 4439 831 4508 madum
855 4439 1246 4496 chora—Grau

1688 404 1828 475 pora
1852 386 2104 455 sabbate,
2134 383 2282 461 (erat
2314 382 2466 441 enim
2511 402 2567 439 m
2682 401 2743 439 us
2765 383 2864 441 dies

1688 463 1783 521 1lle
1837 463 2080 539 sabbati)
2134 469 2476 540 rogaverunt
2531 460 2600 517 P·
2722 480 2774 516 tn
2814 470 2868 518 ut

1686 542 2091 619 frangerentur
2110 560 2301 599 eorum
2330 560 2513 609 crura,
2543 549 2603 598 et
2628 538 2868 597 tolleren-

1689 628 1804 677 tur.
1888 619 2194 678 Venerunt
2214 637 2351 697 ergo
2373 617 2612 676 milites:
2643 628 2699 676 et
2723 616 2868 696 primi

1691 698 1924 774 quidem
1976 696 2272 774 fregerunt
2317 715 2500 767 crura,
2556 704 2619 754 et
2667 695 2869 754 alterius

1693 777 1789 853 qui
1816 775 2117 834 crucifixus
2145 784 2232 833 est
2250 795 2375 833 cum
2398 794 2483 832 eo,
2571 774 2669 832 Ad
2695 775 2736 832 J
2737 793 2870 832 esum

1692 863 1883 913 autern
1910 874 2037 912 cum
2069 854 2370 921 venissent,
2391 862 2455 911 ut
2475 853 2739 911 viderunt
2762 872 2870 910 eum

1688 933 1808 1010 jam
1872 943 2176 1002 mortuum,
2244 952 2357 989 non
2424 931 2717 1008 fregerunt
2773 932 2874 1007 ejus

1695 1030 1877 1068 crura.
1961 1010 2076 1068 Sed
2104 1031 2249 1068 unus
2270 1009 2518 1067 militum
2539 1009 2729 1068 lancea
2750 1008 2875 1066 latus

1697 1088 1818 1165 ejus
1844 1089 2083 1167 aperuit,
2105 1097 2165 1147 et
2184 1090 2453 1147 continuo
2474 1088 2653 1146 exivit
2678 1088 2878 1163 sanguis

1699 1179 1758 1225 et
1803 1187 1964 1244 aqua.
2048 1169 2129 1226 Et
2168 1168 2266 1244 qui
2314 1166 2477 1237 vidit,
2516 1166 2876 1223 testimonium

1698 1244 2023 1324 perhibuit:
2072 1254 2132 1304 et
2159 1265 2354 1302 verum
2395 1253 2482 1303 est
2519 1241 2879 1302 testimonium

1702 1324 1841 1402 ejus.
1941 1324 2021 1382 Et
2050 1322 2143 1382 ille
2170 1324 2276 1382 scit
2314 1324 2447 1400 quia
2472 1342 2609 1379 vera
2641 1322 2805 1380 dicit:
2826 1328 2881 1377 ut

1702 1411 1762 1461 et
1790 1421 1887 1460 vos
1912 1402 2171 1461 credatis.
2253 1402 2427 1460 Facta
2445 1408 2580 1459 sunt
2606 1399 2758 1459 enim
2780 1399 2883 1456 haeo

1704 1490 1769 1539 ut
1823 1480 2117 1558 Scriptura
2181 1479 2519 1559 impleretur
2560 1499 2573 1535 :
2647 1480 2729 1536 Os
2787 1496 2882 1534 non

1704 1559 2101 1617 comminuetis
2148 1578 2222 1616 ex
2263 1578 2349 1616 eo.
2430 1557 2511 1616 Et
2546 1557 2755 1615 iterum
2795 1555 2886 1613 alia

1707 1637 2001 1714 Scriptura
2051 1636 2224 1696 dicit:
2275 1635 2577 1695 Videbunt
2628 1635 2690 1692 in
2740 1653 2884 1713 quem

1709 1714 2142 1774 transfixerunt.

1785 1792 2217 1868 Evanqelium.b

1790 1871 1930 1929 Post
1976 1870 2099 1929 haec
2150 1881 2340 1929 autem
2392 1869 2614 1949 rogavit
2666 1868 2887 1927 Pilatum

1709 1949 1753 2008 J
1757 1948 1927 2027 oseph
1969 1951 2039 2006 ab
2083 1948 2431 2019 Arimathia,
2473 1968 2541 2006 eo
2579 1948 2731 2025 quod
2768 1955 2891 2005 esset

1708 2026 2013 2105 discipulus
2032 2027 2074 2085 J
2075 2047 2190 2098 esu,
2214 2025 2457 2085 occultus
2471 2034 2663 2084 autem
2684 2034 2892 2104 propter

1713 2114 1931 2163 metum
1969 2104 2013 2163 J
2015 2105 2323 2174 udaeorum,
2363 2113 2429 2163 ut
2453 2104 2682 2163 tolleret
2719 2121 2893 2181 corpus

1712 2183 1756 2242 J
1757 2203 1872 2242 esu.
1955 2183 2035 2241 Et
2134 2183 2354 2242 ermisit
2406 2182 2639 2242 Pilatus·
2736 2180 2895 2240 Venit

1714 2281 1869 2339 erge,
1923 2269 1984 2320 et
2034 2270 2096 2319 tu
2125 2262 2169 2320 't
2219 2281 2420 2340 corpus
2471 2261 2513 2319 J
2515 2281 2629 2319 esu.
2738 2260 2896 2319 Venit

1714 2349 1906 2398 autem
1934 2347 1994 2399 et
2019 2338 2424 2411 NichodemuS‚
2453 2342 2549 2418 qui
2589 2350 2820 2399 venerat
2838 2338 2896 2396 ad

1715 2417 1759 2476 J
1760 2438 1920 2476 esum
1958 2426 2122 2476 nocte
2162 2419 2431 2496 primum,
2471 2418 2663 2478 ferens
2708 2418 2896 2476 mixtu·

1716 2516 1842 2553 ram
1897 2495 2150 2572 myrrhae
2204 2504 2263 2554 et
2316 2498 2483 2568 aloeS,
2542 2498 2703 2575 quasi
2753 2495 2898 2555 libras

1716 2583 1963 2632 centum.
2010 2574 2373 2651 Acceperunt
2389 2596 2526 2653 ergo
2540 2596 2746 2655 corpus
2764 2575 2804 2633 J
2804 2594 2897 2644 esu,

1717 2660 1777 2710 et
1798 2652 2116 2730 ligaverunt
2137 2672 2266 2710 eum
2294 2652 2485 2712 linteis
2510 2674 2636 2711 cum
2660 2652 2900 2713 aromati·

1717 2731 1841 2801 buS,
1856 2730 1999 2788 sicut
2015 2751 2135 2789 mos
2151 2731 2193 2788 J
2195 2732 2368 2789 udaeis
2388 2740 2474 2791 est
2488 2732 2747 2810 sepelire.
2785 2731 2902 2790 Erat

1719 2817 1911 2867 autem
1929 2810 1990 2865 in
2007 2807 2126 2866 loco
2143 2810 2238 2866 ubi
2255 2810 2442 2868 crucifi
2450 2830 2555 2868 xus
2576 2821 2685 2883 est,
2707 2811 2900 2869 hortus:

1722 2895 1782 2946 et
1814 2887 1874 2944 in
1917 2885 2083 2944 horto
2120 2897 2553 2947 monumentum
2599 2909 2822 2961 novum,
2855 2888 2902 2944 in

1722 2978 1834 3100 'quo
1886 2965 2137 3022 nondum
2180 2965 2473 3044 quisquam
2517 2968 2737 3046 positus
2786 2973 2904 3027 erat.

1766 3043 1820 3100 bi
1868 3063 2006 3120 ergo
2052 3053 2288 3122 propter
2342 3045 2693 3104 Parasceven
2739 3046 2781 3104 J
2781 3046 2906 3103 udae-

1726 3140 1907 3192 orum,
1955 3122 2089 3199 quia
2118 3122 2284 3200 juxta
2318 3133 2441 3182 erat
2480 3133 2908 3193 monumentum,

1727 3208 2038 3278 posuerunt
2062 3200 2105 3259 J
2107 3220 2284 3258 esum.

1806 3276 2130 3353 Sequuntur
2153 3278 2448 3337 Orationes
2467 3280 2734 3340 solemnes
2753 3304 2771 3340 .·
2787 3288 2833 3339 et
2849 3277 2911 3335 ad

1727 3375 2181 3432 unamquamque
2205 3357 2445 3414 illarum
2473 3358 2696 3417 dicitur
2720 3359 2910 3419 Flectae

1730 3453 1853 3491 mus
1882 3453 2102 3506 <renum
2157 3435 2279 3493 nisi
2317 3436 2397 3493 ad
2433 3457 2560 3494 eam
2598 3458 2716 3515 qua
2742 3446 2911 3497 oratur

1726 3532 1832 3588 Pro
2050 3512 2133 3570 '·⁰

1814 3589 2033 3648 Oratin.

1814 3667 2078 3740 Oremus,
2094 3667 2443 3727 dilectissimi
2460 3672 2637 3743 nobis,
2660 3672 2722 3730 in
2741 3671 2913 3752 primis

1733 3765 1839 3824 pro
1865 3745 2112 3804 Ecclesia
2137 3755 2331 3806 sancta
2354 3747 2463 3807 Dei
2484 3770 2500 3820 ;
2539 3759 2605 3808 ut
2630 3772 2756 3810 eam
2783 3753 2914 3810 Deus

1736 3833 1796 3882 et
1844 3824 2120 3882 Dominus
2160 3834 2355 3885 noster
2393 3828 2689 3904 pacificare
2721 3839 2780 3890 et
2814 3847 2913 3886 cus-

1737 3900 1925 3961 todire
1977 3903 2246 3981 dignetur
2286 3912 2410 3962 toto
2451 3907 2590 3965 orbe
2635 3917 2914 3974 terrarum,

1735 3979 2033 4057 subjiciens
2061 3981 2114 4039 ei
2141 3981 2489 4060 principatus
2515 3994 2576 4043 et
2599 3994 2914 4063 potestatem

1738 4057 1947 4135 detque
1987 4058 2149 4118 nobis
2188 4061 2441 4137 quietam
2482 4071 2543 4122 et
2575 4062 2914 4142 tranquillam

1741 4273 1781 4346 0·
1802 4264 1874 4318 Et
1911 4265 2084 4388 13·ng
2123 4282 2218 4339 pro
2256 4266 2548 4324 universali
2582 4274 2730 4325 statu
2767 4266 2916 4324 Eccle-

1738 4351 1924 4389 swe.—-
1999 4378 2009 4389 .
