2975 5009
119 294 230 360 449

118 475 222 528 cete
245 474 303 527 et
327 465 523 527 omnia
558 484 688 545 quae
714 473 1016 526 moventur
1053 466 1117 526 in
1143 466 1302 546 aquis

121 546 362 606 Domino.
446 544 750 621 Hymnum
791 545 960 605 dicite
1001 553 1062 604 et
1103 566 1300 624 super-

119 624 341 684 exaltate
375 643 506 682 eum
536 623 596 681 in
623 622 841 682 saecula.
924 623 1252 683 Benedicite
1270 632 1300 664 ⁸

121 702 343 762 volucres
409 699 536 760 coeli
602 700 853 760 Domino
890 721 907 774 ;
977 703 1297 761 benedicite

123 782 292 840 bestiae
336 788 398 841 et
448 780 711 839 universa
762 799 964 857 pecora
1011 781 1256 839 Domino
1277 802 1294 853 ;

124 860 409 918 benedicite
477 857 583 916 filii
660 858 956 917 hominum
1024 857 1293 918 Domin0.

125 936 397 1013 Hymnum
422 937 597 996 dicite
625 943 684 996 et
717 936 1135 1014 superexaltate
1164 957 1294 996 eum

125 1014 173 1071 in
205 1016 416 1075 saecula.
515 1014 828 1074 Benedicat
869 1012 1052 1074 Israel
1095 1015 1296 1074 Domi-

125 1112 237 1151 num
257 1116 274 1166 ;
329 1093 647 1154 benedicite
698 1093 1016 1154 sacerdotes
1061 1093 1294 1152 Domini

125 1170 366 1245 Domino:
409 1172 727 1232 benedicite
747 1171 894 1230 servi
920 1171 1154 1230 Domini
1174 1172 1294 1230 Do-

126 1251 272 1308 mino.
350 1250 654 1326 Hymnum
686 1250 858 1309 dicite
885 1257 945 1309 et
970 1250 1296 1329 superexal-

122 1334 221 1386 tate
236 1348 356 1387 eum
376 1330 434 1386 in
453 1327 671 1387 saecula.
715 1329 1046 1387 Benedicite
1063 1328 1294 1408 spiritus

124 1415 172 1464 et
207 1407 401 1466 animae
437 1408 725 1485 justorum
772 1407 1060 1476 Domino:
1127 1408 1314 1467 bene·

121 1485 266 1543 dicite
290 1486 469 1544 sancti
491 1493 550 1544 et
577 1484 820 1544 humiles
838 1485 1005 1543 corde
1028 1485 1292 1544 Domino.

120 1561 397 1640 Hymnum
424 1564 593 1622 dicite
621 1573 680 1622 et
715 1562 1135 1642 superexaltate
1162 1584 1292 1623 eum

120 1640 166 1697 in
183 1641 390 1700 saecula.
448 1641 773 1700 Benedicite
795 1642 1043 1713 Anania,
1063 1642 1291 1714 Azaria,

117 1718 299 1779 Misael
337 1720 610 1779 Domino.
693 1720 995 1797 Hymnum
1035 1720 1205 1780 dicite
1233 1728 1293 1780 et

116 1816 168 1855 su
234 1798 508 1857 rexaltate
535 1818 663 1858 eum
692 1798 752 1855 in
778 1798 997 1857 saecula.

221 1877 297 1935 In
321 1877 531 1952 viqilia
558 1877 779 1936 Sanctae
817 1875 1123 1934 Trinitatis
1150 1883 1201 1934 et
1226 1876 1293 1935 in

114 1973 269 2013 muse
293 1955 632 2032 Septembris
667 1963 781 2013 tota
807 1954 1000 2013 Lectio
1028 1956 1294 2031 leqatur.b

118 2029 280 2091 “Duo
319 2033 517 2091 elerici
551 2033 618 2091 de
651 2033 893 2090 secunda
918 2032 1118 2109 forma
1159 2034 1195 2067 '¹
1226 2033 1292 2090 in

117 2111 601 2260 W..
622 2111 1050 2243 ..m
1064 2111 1294 2242 Dia:

117 2256 235 2312 Dens
268 2271 491 2331 patrum
529 2264 832 2314 nostrorum
866 2278 877 2311 :
910 2263 965 2312 et
1005 2230 1294 2313 l'audabilis

116 2325 162 2381 in
180 2329 419 2385 naeculad

176 2401 303 2460 Non
341 2408 631 2479 repetatur
660 2399 932 2470 Alleluya.
1014 2398 1297 2476 Sequatur

118 2473 369 2539 Dominus
398 2479 684 2539 vobiscum
713 2497 839 2536 cum
866 2476 1130 2537 Oremus.

181 2557 395 2617 Oratio.

177 2636 342 2708 Deus,
393 2635 493 2714 qui
540 2634 721 2694 tribus
776 2633 967 2713 pueris
1017 2633 1292 2712 mitigasti

116 2711 349 2774 flammas
366 2715 614 2795 ignium3
636 2714 896 2784 concede,
913 2712 1209 2790 propitius,
1228 2720 1295 2771 ut

116 2792 430 2853 adveniente
450 2792 668 2870 Spiritu
696 2792 904 2851 Sancto
925 2811 1026 2849 nos
1053 2790 1293 2850 famulos

116 2877 222 2929 tuos
271 2893 388 2931 non
443 2880 648 2930 exurat
712 2870 945 2927 flamma
1006 2869 1291 2928 vitiorum.

117 2945 214 3008 Per
238 2950 571 3009 Dominum.
671 2947 746 3006 In
773 2949 993 3007 unitate
1019 2948 1290 3026 ejusdem.

179 3027 366 3086 Lectio
394 3029 646 3086 Actuum
674 3026 1119 3103 Apostolorum.⁰

182 3105 251 3164 In
290 3108 490 3166 diebus
538 3105 664 3177 illis,
711 3105 989 3164 Convenit
1035 3103 1298 3162 universa

113 3182 290 3244 civitas
306 3185 504 3244 audire
520 3187 754 3243 verbum
770 3182 953 3241 ‘Deis
1013 3181 1296 3241 Videntes

113 3272 288 3323 autem
318 3266 517 3322 turbas
542 3260 584 3320 J
585 3263 730 3321 udaei
761 3259 967 3340 repleti
992 3268 1126 3320 sunt
1154 3260 1296 3333 zelo,

113 3349 164 3398 et
202 3341 661 3402 contradicebant
714 3339 803 3398 his
853 3359 980 3418 quae
1034 3359 1070 3397 a
1122 3338 1300 3398 Paulo

111 3417 431 3481 dicebantur
446 3418 915 3497 blasphemantes.
989 3416 1148 3475 'l'unc
1165 3436 1298 3476 con-

111 3504 315 3559 stanter
359 3499 567 3559 Paulus
595 3505 654 3556 et
678 3497 965 3555 Barnabas
989 3495 1294 3569 dixerunt3

115 3573 282 3636 Vobis
302 3579 604 3657 oportebat
622 3575 869 3654 primum
890 3572 1041 3650 loqui
1059 3575 1297 3632 verbum

112 3652 245 3716 Dei:
299 3657 404 3715 sed
441 3654 708 3735 quoniam
746 3652 1033 3730 repulistis
1067 3651 1207 3710 illud
1239 3659 1300 3711 et

110 3730 363 3814 indignos
404 3754 502 3792 vos
534 3731 828 3810 judicastis
868 3738 1101 3789 aeternae
1140 3730 1296 3803 vitae,

109 3812 627 3872 ecceconvertimur
645 3810 719 3868 ad
745 3818 963 3902 gentes
1030 3809 1125 3868 Sic
1141 3809 1295 3866 enim

108 3891 254 3950 nobis
289 3891 568 3971 praecepit
593 3888 908 3949 Dominus:
953 3887 1120 3946 Posui
1149 3896 1208 3945 te
1235 3887 1296 3944 in

104 3966 324 4029 :lucem
345 3977 373 4010 ⁸
411 3969 697 4048 gentibus,
737 3975 804 4026 ut
845 3966 919 4025 sis
960 3966 1021 4023 in
1058 3963 1295 4024 salutem

102 4128 124 4157 ⁸
157 4121 518 4178 omnes—92.
546 4121 631 4176 98.
659 4121 726 4175 V.

104 4191 127 4229 ὓ
157 4209 265 4247 non
289 4194 499 4248 habent
523 4192 608 4247 92.
637 4192 721 4246 94.
750 4191 835 4247 97.
863 4190 947 4245 98.
978 4189 1061 4245 13.

100 4272 123 4300 0
152 4280 261 4319 non
286 4265 496 4319 habent
520 4262 604 4317 92.
632 4262 717 4316 94.
746 4262 831 4316 97.
859 4261 944 4314 98.

99 4332 124 4370 ‘¹
152 4333 287 4390 Dan.
315 4352 432 4405 cap.
458 4334 535 4387 iii.
565 4333 743 4405 (Cant.
771 4332 847 4386 iii.
875 4332 1031 4386 Puer.
1062 4329 1134 4401 3.)

99 4414 119 4441 θ
150 4422 262 4478 cap.
292 4406 411 4460 xiii.
439 4405 503 4460 G.
532 4404 603 4475 (v.
629 4401 850 4473 44-52.)
1080 4412 1085 4417 ’

95 4551 124 4585 ³*
151 4555 350 4609 scilicet
373 4551 841 4688 diacogg—Grad.

753 308 1075 360 SABBATO
1117 309 1465 372 QUA'rUOR
1509 310 1930 362 TEMPORUM.

2493 297 2626 364 450

1420 487 1599 545 usque
1618 468 1692 526 ad
1713 475 2039 528 extremum
2060 475 2252 526 terrae.
2306 466 2621 529 Audientes

1420 556 1614 605 autem
1640 555 1840 625 gentes
1951 547 2086 605 visae
2124 554 2275 618 sunt,
2303 554 2362 604 et
2401 546 2620 682 {glorifi-

1418 626 1624 683 cabant
1641 627 1873 684 verbum
1949 624 2151 684 omini:
2176 631 2234 682 et
2250 625 2404 682 credi
2449 634 2620 685 erunt

1419 711 1696 781 quotquot
1722 711 1886 762 erant
1925 702 2288 781 praeordinati
2328 702 2402 761 ad
2440 703 2617 762 vitam

1418 789 1714 839 aeternam.
1780 781 2268 840 Disseminabatur
2283 791 2474 840 autem
2492 802 2617 841 ver-

1416 860 1554 917 bum
1576 859 1811 917 Domini
1838 880 1942 938 per
1967 860 2286 918 universam
2309 881 2370 919 re
2411 860 2616 919 ‘onem.

1415 936 1612 995 Judaei
1651 947 1842 997 autem
1871 939 2292 996 concitaverunt
2325 959 2389 998 re
2412 938 2615 1017 igiosas

1416 1015 1678 1075 mulieres
1721 1024 1781 1076 et
1821 1016 2083 1075 honestas
2126 1024 2186 1075 et
2226 1016 2439 1094 primos
2482 1017 2617 1075 civi·

1414 1094 1568 1166 tatis,
1591 1102 1650 1153 et
1669 1096 2059 1154 excitaverunt
2086 1096 2532 1173 persecutionem
2552 1094 2616 1152 in

1417 1171 1658 1231 Paulum
1704 1184 1764 1232 et
1804 1173 2166 1233 Barnabam:
2225 1180 2284 1231 et
2328 1173 2617 1251 ejecerunt

1415 1270 1511 1309 eos
1552 1251 1624 1309 de
1668 1251 1876 1311 finibus
1917 1252 2049 1310 suiS.
2131 1252 2221 1309 At
2257 1251 2342 1308 illi
2382 1271 2616 1311 excusso

1414 1328 1645 1406 pulvere
1672 1330 1881 1408 pedum
1908 1330 1968 1387 in
1991 1349 2103 1400 eOS,
2124 1338 2404 1388 venerunt
2427 1330 2613 1387 Iconi-

1413 1427 1532 1465 um.
1640 1407 1912 1486 Discipuli
1974 1427 2193 1543 ἓὲοφιθ
2245 1407 2614 1486 replebantur

1412 1484 1619 1565 gaudio
1645 1494 1704 1544 et
1731 1487 1949 1564 Spiritu
2051 1493 2199 1543 neto.

1492 1564 1575 1620 Et
1617 1564 1832 1639 leyatur
1872 1565 1940 1621 in
1978 1562 2200 1641 pulpito
2224 1584 2242 1620 :
2298 1582 2411 1638 qua
2454 1562 2611 1635 lecta,

1413 1641 1526 1699 duo
1547 1642 1739 1699 clerici
1764 1642 1832 1699 de
1856 1640 2139 1731 superiori
2161 1639 2350 1717 yradu
2368 1640 2434 1698 in
2454 1641 2612 1719 capis

1413 1720 1604 1778 sericis
1632 1720 1841 1777 ibidem
1866 1720 2080 1788 dicant,

1485 1796 1759 1869 Alleluya.
1798 1797 1859 1851 V.
1927 1796 2170 1850 Laudato
2187 1794 2484 1848 Dominum
2503 1810 2615 1848 om·

1412 1884 1510 1922 nes
1549 1874 1736 1938 gentes
1778 1887 1791 1921 :
1834 1872 1890 1922 et
1930 1866 2230 1922 collaudate
2266 1882 2392 1920 eum
2428 1882 2615 1921 omnes

1584 1939 1595 1950 ·
1620 1937 1651 1977 h

1413 1939 1827 2087 poptffifftam
1879 2007 2138 2080 Alleluya
2186 2007 2307 2066 sine
2370 2010 2615 2066 ηείωηα.1

1485 2085 1865 2165 JSequemia,1
1896 2087 2075 2146 Alma
2101 2086 2320 2158 choru8‚
2348 2094 2412 2143 ut
2436 2106 2615 2164 supra

1393 2165 1558 2241 feria
1585 2167 1787 2243 quinta
1811 2166 2142 2245 praecedente
2168 2165 2267 2224 col.
2309 2165 2447 2238 439,
2474 2166 2574 2229 40.

1489 2244 1871 2322 Evanqelium
1896 2267 1914 2304 .·
1958 2243 2275 2303 Secundum
2301 2241 2577 2302 Iaacamss

1492 2322 1567 2380 In
1606 2322 1704 2381 illo
1742 2333 2017 2401 tempore,
2045 2322 2296 2402 Surgens
2333 2321 2376 2381 J
2379 2341 2503 2382 esus
2538 2321 2613 2382 de

1412 2420 1714 2480 synagoga,
1735 2401 1992 2460 introivit
2012 2401 2071 2457 in
2093 2401 2325 2459 domum
2343 2400 2611 2460 SimoniS.

1416 2480 1619 2540 Socrus
1638 2488 1831 2538 autem
1859 2479 2106 2540 Simonis
2133 2481 2435 2538 tenebatur
2455 2499 2613 2559 mag-

1414 2558 1504 2616 nis
1529 2558 1814 2617 febribus:
1859 2566 1918 2616 et
1942 2567 2284 2636 rogaverunt
2308 2557 2468 2614 illum
2507 2576 2615 2634 pro

1412 2655 1499 2694 ea.
1581 2634 1661 2694 Et
1702 2645 1857 2694 stans
1898 2655 2068 2713 super
2108 2634 2265 2693 illam
2310 2634 2614 2713 imperavit

1410 2712 1594 2773 febri:
1639 2720 1698 2772 et
1723 2714 1939 2771 dimisit
1979 2713 2155 2771 illam.
2238 2714 2316 2773 Et
2342 2714 2610 2771 continuo

1410 2812 1647 2870 surgens
1693 2791 2052 2850 ministrabat
2096 2790 2224 2849 illis.
2330 2792 2475 2851 Cum
2529 2789 2614 2849 sol

1409 2879 1602 2929 autem
1631 2869 1938 2941 occidisset,
1967 2888 2160 2928 omnes
2194 2869 2293 2947 qui
2329 2868 2614 2928 habebant

1411 2948 1669 3007 infirmos
1711 2948 1879 3006 variis
1918 2946 2011 3005 lan
2092 2947 2295 3019 oribuS,
2332 2947 2616 3006 ducebant

1411 3027 1535 3085 illos
1562 3028 1635 3085 ad
1660 3047 1807 3086 eum.
1891 3025 1978 3084 At
2012 2968 2127 3098 filb,
2154 3025 2385 3116 singulis
2413 3044 2616 3083 manus

1413 3106 1727 3184 imponens,
1745 3105 1979 3163 curabat
1994 3123 2104 3162 eos,
2144 3103 2402 3164 Exlbant
2417 3111 2611 3162 autem

1414 3184 1698 3243 daemonia
1739 3204 1774 3240 a
1819 3181 2031 3251 multis,
2079 3181 2381 3240 clamantia
2421 3189 2481 3241 et
2526 3182 2612 3239 di-

1415 3263 1603 3321 centia
1628 3262 1761 3339 quia
1785 3269 1850 3319 tu
1878 3280 1937 3320 es
1964 3260 2114 3319 filius
2154 3259 2264 3318 Dei
2287 3282 2300 3319 :
2344 3267 2404 3320 et
2430 3260 2615 3319 incre-

1415 3360 1557 3432 pans
1568 3360 1683 3399 non
1701 3340 1924 3398 sinebat
1939 3359 2006 3398 ea
2020 3337 2198 3417 loqui:
2222 3338 2353 3416 quia
2363 3338 2616 3398 sciebant

1416 3438 1601 3496 ipsum
1642 3438 1761 3478 esse
1799 3417 2110 3478 Christum.
2216 3417 2392 3476 Facta
2423 3424 2615 3476 autem

1415 3497 1529 3569 die,
1559 3517 1813 3576 egressus
1852 3497 1974 3555 ibat
2009 3496 2069 3552 in
2096 3496 2384 3554 desertum
2410 3492 2614 3568 locum,

1417 3583 1477 3634 et
1496 3578 1680 3634 turbae
1702 3575 2068 3654 requirebant
2087 3595 2234 3646 eum,
2257 3582 2315 3632 et
2335 3581 2616 3631 venerunt

1416 3673 1592 3732 usque
1618 3655 1691 3712 ad
1717 3655 1943 3734 ipsum:
1985 3662 2045 3712 et
2082 3652 2415 3711 detinebant
2451 3649 2613 3708 illum

1417 3752 1492 3791 ne
1519 3732 1831 3792 discederet
1859 3734 1930 3790 ab
1959 3732 2056 3790 eis.
2140 3730 2360 3799 Quibus
2385 3729 2480 3788 ille
2507 3730 2608 3801 ait;

1420 3810 1572 3879 Quia
1613 3819 1672 3869 et
1719 3811 1842 3870 aliis
1888 3809 2207 3868 civitatibus
2253 3814 2478 3889 oportet
2518 3828 2613 3866 me

1416 3888 1804 4027 eva-pgaeglizare
1829 3909 2069 3969 regnum
2098 3887 2225 3948 Dei.

1545 3988 1605 4027 re
1648 3987 1697 4025 ο.

1414 4114 1436 4152 t
1478 4112 1873 4169 Domini—92.
1902 4112 1986 4167 98.

1414 4195 1443 4234 Β
1477 4184 1841 4238 lumem—92.
1869 4183 1955 4236 98.

1414 4255 1445 4294 h
1483 4255 1569 4308 Ps.
1597 4253 1732 4309 cxvi.
1760 4253 1939 4325 (cxvii.
1969 4253 2043 4324 1.)

1414 4326 1429 4363 ¹
1478 4342 1590 4377 non
1614 4325 1817 4378 habent
1841 4324 1925 4378 92.
1953 4323 2037 4377 94.
2066 4322 2150 4378 97.
2179 4323 2263 4378 98.

1408 4395 1427 4442 «ί
1478 4394 1955 4464 sequatur.-55P.
1982 4394 2143 4447 Grad.

1412 4465 1443 4502 k
1479 4482 1593 4536 cap.
1621 4466 1690 4519 iv.
1719 4464 1776 4517 F.
1805 4464 1878 4534 (v.
1906 4463 2123 4533 38-43.)
