2975 5009
339 272 472 336 455
563 286 644 336 m
676 285 803 336 mn
836 286 894 335 S.
929 283 1367 335 TRINFPAms,

352 442 605 502 Trinitas
630 450 842 513 sancta,
868 462 974 535 per
998 441 1087 502 tui
1112 439 1295 499 sancti
1314 439 1560 498 nominis

351 521 764 581 invocationem
792 521 960 599 hujus
980 519 1276 579 oblationis
1296 518 1562 589 hostiam,

355 610 419 662 et
463 620 569 678 per
616 620 741 658 eam
780 599 1154 678 nosmetipsos
1200 597 1304 654 tibi
1351 597 1562 675 perfice

358 698 566 737 munus
592 687 888 736 aeteruum.
973 676 1091 746 Qui
1116 676 1272 733 vivis.

434 755 730 834 ProefatiO.
813 756 925 825 Qui
951 775 1080 814 cum
1109 753 1446 833 Unigenito.

445 833 830 893 Communia·

428 910 809 966 Benedicimus
848 909 1023 964 Deum
1065 908 1188 964 coeli
1233 928 1246 962 ε
1290 913 1346 963 et
1386 923 1565 961 coram

357 982 608 1038 omnibus
622 980 929 1036 viventibus
945 979 1323 1034 confitebimur
1340 978 1387 1032 ei
1407 998 1420 1030 ε
1437 977 1568 1048 quia

360 1053 490 1108 fecit
515 1052 790 1107 nobiscum
817 1051 1233 1106 misericordiam
1252 1066 1421 1104 suam.

441 1123 915 1183 PostcommuniO.

447 1201 723 1262 Proficiat
749 1200 909 1260 nobis
936 1200 1006 1258 ad
1048 1198 1289 1260 salutem
1316 1198 1569 1276 corporis

364 1288 427 1341 et
467 1281 694 1352 animae,
722 1285 751 1326 b
771 1278 1016 1339 Domine
1033 1284 1064 1324 b
1089 1279 1246 1338 Deus
1281 1292 1306 1322 ο
1328 1286 1569 1348 noster,⁶

1809 284 1888 333 m
1922 284 2145 334 πετο
2175 283 2527 334 CORPORIS
2561 285 2698 333 xm.
2734 266 2846 331 456

1679 439 1846 519 hujus
1885 441 2224 500 sacramenti
2263 441 2563 520 susceptio,
2591 449 2648 500 et
2670 440 2853 518 sempi-

1679 528 1860 578 ternae
1914 527 2122 578 sanctae
2174 519 2474 578 Trinitatis
2520 520 2849 598 ejusdemque

1680 598 1987 688 individuas
2016 598 2278 658 Unitatis
2305 597 2596 657 confessio.
2671 598 2739 655 In
2756 617 2852 674 qua

1681 695 1838 733 vivis.

1761 754 1800 788 '³‘
1819 754 1940 811 Per
1979 762 2153 811 totam
2191 753 2595 811 hebdomadam
2620 754 2728 828 fiat
2754 773 2852 809 me-

1682 832 1869 890 moria
1887 832 1955 889 de
1974 831 2258 890 Trinitate
2278 832 2356 889 ad
2383 831 2632 889 Missam
2651 832 2713 888 de
2734 831 2852 901 die,-

1681 910 1803 969 nisi
1827 908 2049 985 infesto
2079 908 2345 987 Corporis
2375 909 2595 968 Christi
2604 932 2627 981 ;
2659 918 2706 967 et
2726 908 2854 965 dici-

1684 997 1779 1046 tur
1796 988 1972 1045 missa
1991 988 2061 1046 dc
2090 988 2392 1058 T‘mlnitate,
2416 989 2639 1064 quando
2657 988 2719 1044 de
2738 986 2855 1044 Tri-

1683 1067 1863 1125 nitate
1888 1067 1966 1142 fit
2005 1066 2318 1137 servitium,
2357 1067 2480 1124 nisi
2515 1066 2683 1123 missa
2715 1065 2856 1124 Salus

1682 1143 1879 1281 papuli
1900 1143 2172 1254 ‘dicenda
2207 1143 2397 1221 fuerit
2440 1166 2551 1223 per
2595 1143 2857 1204 hebdoma-

1762 1243 1836 1281 m.

1064 1470 1153 1541 In
1224 1469 1414 1542 sesto
1485 1466 1822 1561 emporis
1891 1463 2175 1538 Christi.

447 1653 550 1713 Ad
577 1653 841 1713 Missam.
926 1651 1234 1732 Officium.⁰

449 1732 674 1793 Cibavit
700 1752 796 1792 eos
821 1752 896 1792 ex
922 1732 1092 1811 adipe
1118 1729 1411 1800 frumenti,
1438 1726 1576 1787 alle-

369 1811 536 1886 luya:
580 1819 641 1870 et
666 1811 738 1869 de
820 1819 946 1870 etra
970 1809 1136 1869 melle
1163 1808 1437 1867 saturavit
1462 1826 1574 1877 eos,

371 1889 631 1965 alleluya,
658 1888 766 1947 alle
794 1910 920 1967 uya,
947 1887 1207 1965 alleluya.

452 1967 771 2026 Psal‘mus.t

444 2044 726 2098 Exsultate
764 2043 877 2098 Deo
916 2042 1154 2114 adjutori
1187 2045 1371 2095 nostro
1397 2038 1578 2111 :jubi-

361 2115 481 2170 late
505 2114 617 2168 Deo
640 2113 827 2168 Jacob.

449 2187 533 2244 Et
562 2185 791 2243 dicatur
816 2185 1001 2261 Kyrie
1031 2184 1186 2242 Fons
1211 2180 1499 2241 bonitatis.

461 2262 680 2322 oratic.

476 2341 652 2412 DeuS,
706 2338 803 2418 qui
857 2338 1021 2397 nobis
1073 2339 1176 2398 sub
1229 2344 1583 2397 sacramento

377 2418 623 2478 mirabili
651 2417 918 2496 passionis
945 2425 1061 2476 tuae
1091 2417 1421 2476 memoriam
1449 2413 1583 2472 reli-

377 2497 548 2573 quisti
571 2518 588 2569 ;
630 2497 836 2567 tribue,
858 2514 1196 2573 quaesumuS,
1224 2496 1305 2553 ita
1330 2514 1432 2552 nos
1459 2512 1583 2550 cor-

377 2574 530 2653 poris
566 2584 626 2634 et
666 2574 954 2653 sanguinis
992 2575 1078 2632 tui
1118 2594 1274 2632 sacra
1315 2571 1586 2648 mysteria

377 2653 659 2724 venerari,
681 2661 746 2711 ut
773 2653 1181 2731 redemptionis
1202 2661 1317 2711 tuae
1338 2651 1585 2708 fructum

378 2731 441 2789 iu
462 2732 623 2790 nobis
653 2731 860 2810 'ugiter
881 2731 1207 2789 sentiamus.
1291 2729 1405 2798 Qui
1427 2727 1583 2785 vivis.

456 2810 566 2867 Ad
642 2810 967 2867 orintliios.8

460 2888 712 2961 FratreS,
737 2889 863 2967 Ego
890 2887 1044 2946 enim
1065 2884 1252 2964 accepi
1278 2904 1313 2942 a
1337 2882 1589 2942 Domino

380 2966 532 3044 quod
559 2975 621 3025 et
655 2967 867 3025 tradidi
895 2967 1068 3036 vobis,
1096 2964 1361 3042 quoniam
1391 2960 1591 3019 Domi-

385 3064 491 3102 nus
530 3044 575 3103 J
576 3064 702 3103 esus
721 3044 750 3076 ¹¹
788 3044 847 3101 in
886 3064 999 3122 qua
1037 3053 1201 3102 nocte
1240 3042 1589 3109 tradebatur,

382 3124 601 3200 accepit
639 3142 845 3202 panem
875 3132 934 3181 et
971 3122 1181 3201 gratias
1220 3138 1392 3199 agens
1418 3117 1590 3196 fregit

385 3209 447 3259 et
473 3201 663 3260 dixit:
709 3202 971 3280 Accipite
998 3210 1058 3260 et
1086 3200 1452 3257 manducate:
1482 3195 1590 3254 hoc

386 3286 476 3336 est
527 3297 732 3356 corpus
796 3300 1006 3352 meum,
1059 3279 1211 3358 quod
1278 3296 1382 3355 pro
1434 3275 1591 3332 vobis

387 3356 687 3417 tradetur:
750 3356 855 3416 hoc
898 3358 1065 3415 facite
1111 3358 1173 3414 in
1215 3375 1402 3413 meam
1439 3373 1591 3411 com-

390 3436 879 3495 memorationem.
961 3434 1238 3495 Similiter
1265 3442 1324 3492 et
1343 3432 1589 3501 calicem,

388 3588 418 3620 ὃ
455 3579 581 3636 Tob.
608 3598 720 3652 cap.
750 3580 842 3635 xii.
873 3581 943 3652 (V.
971 3580 1047 3652 6.)

393 3651 422 3691 b
457 3668 569 3705 non
596 3652 758 3706 habet
785 3650 866 3705 13.

392 3732 417 3761 ⁰
456 3740 566 3775 non
593 3723 797 3777 habent
821 3721 907 3775 92.
935 3719 1019 3773 94.
1049 3718 1133 3772 97.
1162 3717 1246 3771 98.

391 3793 421 3831 ⁴¹
469 3793 715 3846 Urbanus
737 3792 958 3861 quintus
980 3790 1142 3857 Papa
1164 3789 1406 3841 concessit
1425 3788 1593 3841 omni-

390 3865 489 3918 bus
553 3862 754 3916 Christi
792 3860 1050 3929 fidelibus
1097 3875 1208 3911 vere
1264 3858 1503 3911 contritis
1547 3862 1596 3910 et

389 3932 641 4006 confessis
680 3932 899 3986 missam
929 3929 993 3983 de
1031 3929 1253 3997 Corpore
1275 3928 1478 3982 Christi
1512 3928 1594 3981 di·

393 4005 623 4057 centibus
659 4005 757 4055 aut
793 4000 962 4052 devote
997 4000 1349 4067 audientibus,
1388 4004 1596 4052 centum

374 4076 507 4128 ‘dies
537 4068 1167 4142 indzdyentiarum.—26.

392 4213 429 4248 ‘¹'
465 4213 576 4266 Per
608 4216 771 4265 totam
804 4208 1176 4264 hebdomadam
1200 4209 1401 4264 dicitur
1434 4209 1600 4261 missa

392 4285 458 4337 de
489 4282 746 4336 Trinitate
769 4298 930 4351 usque
951 4283 1025 4335 ad
1045 4279 1252 4352 festum
1285 4281 1349 4334 de
1377 4280 1601 4348 Corpore

397 4353 610 4422 Christi,
622 4353 760 4423 quod
773 4356 844 4405 est
861 4354 920 4406 in
933 4354 1124 4424 quinta
1126 4351 1293 4422 feria,
1310 4355 1359 4405 et
1372 4350 1483 4403 nisi
1482 4346 1598 4419 fes·

391 4429 509 4476 tum
539 4429 839 4477 sanctorum
863 4424 1183 4478 intercurrat
1201 4427 1248 4475 et
1272 4421 1381 4474 nisi
1400 4420 1601 4473 dicatur

395 4493 560 4545 missa
582 4492 738 4548 Salus
761 4494 960 4566 populi,
982 4498 1031 4547 et
1054 4494 1116 4545 in
1141 4493 1364 4546 Sabbato
1382 4489 1600 4559 quando

378 4561 459 4628 fit
482 4563 749 4619 servitium
766 4566 856 4619 des
874 4569 1035 4621 ancta
1059 4560 1256 4632 Maria,
1277 4565 1325 4614 et
1344 4561 1407 4614 de
1428 4560 1522 4627 (in
1542 4560 1598 4628 ἲ)

1692 1656 1989 1728 postquam
2030 1647 2290 1719 coenavit,
2322 1646 2552 1720 dicens;
2595 1646 2708 1707 Hic
2737 1645 2865 1706 calix

1691 1746 1899 1785 novum
1921 1732 2325 1785 testamentum
2342 1726 2506 1784 estin
2526 1746 2653 1785 meo
2666 1727 2865 1804 sangui·

1692 1825 1789 1864 ne:
1818 1801 1924 1862 hoc
1950 1803 2118 1863 facite
2138 1803 2575 1882 quotiescunque
2602 1806 2865 1876 immitis)

1692 1883 1754 1940 in
1771 1902 1957 1941 meam
1969 1882 2587 1943 commemorationem.
2630 1883 2867 1951 Quoties-

1693 1980 1933 2039 cumque
1998 1961 2151 2019 enim
2215 1960 2626 2019 manducabitis
2684 1981 2867 2040 panem
2951 2018 2952 2029 ,

1694 2039 1846 2098 hunc
1872 2046 1932 2098 et
1957 2038 2182 2097 calicem
2222 2038 2467 2098 bibetis:
2508 2047 2746 2098 mortem
2770 2041 2870 2096 Do-
2951 2038 2952 2115 ξ

1696 2116 1839 2176 mini
1865 2115 2276 2175 annunciabitis
2295 2117 2476 2175 donec
2495 2118 2700 2176 veniat.
2762 2117 2872 2175 Ita·
2951 2126 2952 2201 ᾗ

1696 2214 1808 2273 que
1856 2194 2191 2273 quicumque
2230 2195 2654 2254 manducaverit
2691 2215 2870 2274 panem

1697 2274 1789 2334 vel
1833 2273 2043 2332 biberit
2086 2272 2315 2332 calicem
2361 2273 2598 2331 Domini
2642 2274 2871 2352 indigne,

1698 2373 1828 2411 reus
1849 2352 1961 2411 erit
1986 2352 2236 2430 corporis
2261 2358 2319 2410 et
2338 2352 2629 2430 sanguinis
2648 2351 2873 2410 Domini.

1701 2431 1916 2491 Probet
1954 2437 2145 2488 autem
2184 2429 2432 2507 seipsum
2475 2429 2680 2488 homo:
2724 2439 2777 2490 et
2811 2430 2876 2487 sic

1700 2510 1772 2568 de
1818 2528 1963 2586 pane
2003 2507 2100 2566 illo
2139 2506 2274 2567 edat
2312 2516 2372 2566 et
2407 2508 2482 2566 de
2521 2507 2690 2568 calice
2723 2510 2876 2567 bibat.

1704 2587 1822 2654 Qui
1848 2587 2002 2646 enim
2038 2585 2342 2644 manducat
2368 2594 2428 2646 et
2467 2586 2614 2648 bibit
2652 2587 2877 2664 indigne,

1696 2665 1972 2744 judicium
1998 2665 2104 2723 sibi
2134 2664 2435 2723 manducat
2462 2671 2524 2722 et
2561 2665 2737 2726 bibit:
2779 2683 2878 2724 non

1702 2744 2019 2822 dijudicans
2044 2761 2245 2821 corpus
2271 2742 2527 2801 Domini.

1786 2820 2079 2880 Gradatae)

1757 2897 1915 2952 Oculi
1929 2896 2175 2951 omnium
2192 2895 2252 2950 in
2269 2901 2322 2951 te
2335 2901 2572 2966 sperant,
2590 2897 2821 2965 Domine,
2835 2899 2881 2949 et

1704 2975 1766 3023 tu
1791 2969 1888 3023 das
1910 2968 2021 3021 illis
2042 2984 2216 3022 escam
2241 2967 2300 3019 in
2325 2972 2567 3038 tempore
2588 2974 2879 3040 opportuno.

1787 3039 1848 3094 V.
1887 3038 2084 3109 Aperie
2099 3044 2160 3091 tu
2180 3055 2402 3091 manum
2423 3048 2579 3092 tuam
2607 3059 2621 3093 z
2647 3047 2705 3094 et
2719 3037 2883 3110 imples
2949 3104 2950 3111 ἵ

1705 3125 1864 3164 omne
1886 3108 2090 3162 animal
2116 3107 2499 3163 benedictione.

1778 3179 2049 3250 Alleluya.
2088 3178 2148 3232 V.
2200 3178 2334 3231 Caro
2354 3196 2473 3233 mea
2489 3196 2614 3233 vere
2632 3179 2882 3234 estcibus:
2949 3188 2950 3221 ἓ

1706 3255 1763 3305 et
1808 3249 2028 3320 sanguis
2072 3265 2225 3302 meus
2270 3265 2392 3302 vere
2437 3255 2522 3303 est
2568 3257 2727 3320 potus
2762 3269 2774 3302 z
2804 3247 2883 3317 qui
2949 3260 2950 3303 ἢ

1709 3321 2000 3374 manducat
2034 3336 2209 3373 meam
2232 3335 2447 3373 carnem
2474 3325 2532 3373 et
2563 3320 2707 3374 bibit
2729 3335 2884 3372 meum

1706 3391 2025 3462 sanguinem
2047 3389 2110 3443 in
2133 3407 2221 3444 mo
2243 3396 2430 3444 manet
2452 3395 2509 3444 et
2532 3407 2635 3462 ego
2658 3391 2717 3444 in
2737 3407 2806 3444 eo.

1709 3577 1735 3608 Θ
1772 3569 1857 3623 Ps.
1885 3568 2032 3622 lxxx.
2062 3566 2253 3639 (lxxxi.
2282 3566 2392 3639 16.)

1708 3640 1730 3678 1'
1770 3640 1841 3694 ib.
1870 3641 1941 3709 (v.
1973 3639 2045 3710 1.)

1708 3719 1737 3758 s
1774 3711 1803 3762 1
1830 3711 1900 3764 ad
1925 3709 2040 3762 Cor.
2068 3724 2181 3778 cap.
2209 3707 2281 3760 xi.
2309 3706 2370 3761 Ε.
2400 3707 2471 3779 (v.
2498 3707 2723 3781 23-29.)

1711 3780 1741 3818 h
1775 3778 2196 3835 Christus—92.
2224 3777 2308 3831 98.
2338 3780 2423 3833 57.

1711 3851 1728 3889 1
1776 3848 2175 3903 sumetis—13.
2203 3847 2558 3904 bibetis—V.

1706 3920 1725 3968 J
1777 3920 1864 3975 Ps.
1902 3919 2059 3975 cxliv.
2123 3918 2259 3973 cxlv.
2300 3918 2383 3990 15,
2413 3919 2525 3991 16.)
2560 3918 2762 3977 Johan.
2794 3933 2888 3987 cap-

1715 3992 1786 4047 vi.
1815 3991 1887 4062 (v.
1917 3991 2003 4061 55,
2031 3989 2115 4044 56.
2947 3984 2948 4035 ἶ

1699 4199 1844 4272 festo
1877 4200 2012 4263 loci;
2067 4199 2159 4251 sed
2183 4200 2298 4252 sine
2337 4197 2624 4269 Sequentia
2658 4204 2707 4253 et
2736 4196 2892 4252 credo.

1714 4273 1825 4326 Per
1863 4270 2238 4325 hebdomadam
2280 4268 2543 4337 Epistola,
2586 4270 2776 4324 Gratia
2810 4268 2892 4319 Do·

1715 4340 1854 4395 mini
1890 4341 2076 4394 nostri.
2151 4340 2285 4392 Alia
2319 4339 2582 4407 Epistola,
2611 4339 2659 4394 Ο
2693 4337 2894 4394 altitudo

1713 4411 2044 4478 divitiarum,
2084 4414 2134 4464 et
2165 4410 2413 4478 leyantur
2444 4409 2671 4463 alternis
2710 4410 2892 4463 vicibus.

1714 4481 2079 4551 Evanydium‚
2131 4478 2269 4532 Cum
2316 4479 2530 4534 venerit
2584 4479 2892 4535 Paraclitust

1712 4557 1900 4608 coetera
1921 4551 2103 4606 omnia
2124 4550 2261 4605 sicut
2283 4550 2345 4604 in
2366 4550 2710 4606 die—Grac.
