2975 5009
296 283 425 349 219

294 456 368 517 de
421 465 614 517 terra:
669 458 917 534 quiescat
963 458 1048 515 ira
1098 467 1215 530 tua,
1271 466 1330 516 et
1383 465 1505 515 esto

335 534 578 595 lacabilis
624 556 795 614 super
850 535 1099 612 nequitia
1151 535 1344 615 populi
1399 536 1503 594 tui.

293 556 620 674 Recordare
651 613 968 685 Abraham,
1001 614 1161 673 Isaac
1201 622 1260 674 et
1303 613 1503 685 Israel,

295 711 586 752 servorum
624 701 872 763 tuorum,
915 693 1116 769 quibus
1154 694 1362 784 jurasti
1403 713 1505 773 per

295 771 680 850 temetipsum,
724 771 953 843 dicens;
996 770 1391 849 Multiplicabo
1418 790 1504 829 se-

297 869 430 908 men
478 859 730 909 vestrum
785 848 931 906 sicut
984 848 1172 907 stellas
1225 848 1388 908 coeli:
1445 858 1506 908 et

295 928 614 987 universam
644 937 858 986 terram
889 927 1033 986 hanc
1052 928 1124 986 de
1152 945 1263 1005 qua
1288 927 1506 985 locutus

295 1025 441 1078 sum,
456 1006 603 1065 dabo
619 1006 817 1064 semini
843 1020 1046 1075 vestr0,
1069 1016 1129 1065 et
1149 1005 1506 1085 possidebitis

295 1104 420 1144 cam
448 1104 688 1162 semper.
774 1082 1142 1162 Plaoetusque
1177 1096 1264 1143 est
1303 1085 1505 1142 Domi-

295 1182 401 1220 nus
454 1181 527 1220 ne
580 1160 788 1221 faceret
841 1161 1050 1220 malum
1093 1163 1241 1239 quod
1289 1161 1504 1221 locutus

293 1239 479 1299 fuerat
531 1240 796 1298 adversus
880 1239 1108 1319 opulum
1159 1261 1341 1299 suum.
1423 1241 1505 1299 Et

295 1319 558 1378 misertus
586 1327 671 1377 est
702 1261 908 1398 populo
926 1340 1026 1377 suo
1048 1319 1326 1377 Dominus
1347 1319 1504 1379 Deus

297 1405 506 1455 noster.

383 1473 692 1532 Gradale.⁸

362 1551 591 1623 Exurge,
621 1551 863 1621 Domine,
901 1552 980 1607 fer
1022 1569 1175 1623 opem
1214 1552 1412 1609 nobis:
1447 1559 1504 1608 et

296 1621 467 1677 libera
490 1640 587 1677 nos
610 1629 827 1695 propter
850 1641 1044 1677 nomen
1074 1629 1245 1677 tuum.

309 1693 370 1747 V.
444 1692 602 1763 Deus,
647 1694 867 1748 auribus
904 1694 1100 1747 nostris
1147 1693 1455 1749 audivimus
1488 1714 1500 1747 :

294 1769 472 1834 patres
490 1764 658 1818 nostri
683 1765 1153 1818 annunciaverunt
1177 1765 1347 1835 nobis,
1366 1781 1502 1837 opus

295 1834 440 1958 quod
463 1839 709 1905 operatus
733 1853 789 1889 es
811 1835 870 1888 in
895 1835 1083 1889 diebus
1106 1852 1287 1889 eorum
1317 1856 1328 1889 :
1355 1842 1409 1890 et
1441 1836 1500 1888 in

335 1904 485 1959 iebus
508 1904 761 1975 antiquis,

376 1976 696 2035 Secundum
723 1976 777 2034 J
771 1977 1094 2034 ohannem.b

379 2054 453 2111 In
506 2054 604 2112 illo
669 2064 949 2133 tempore,
1018 2053 1061 2112 J
1063 2074 1156 2111 am
1214 2054 1306 2111 die
1358 2055 1505 2114 festo

297 2133 604 2203 mediante,
643 2134 894 2191 ascendit
918 2131 962 2190 J
964 2152 1088 2190 esus
1115 2133 1174 2189 in
1202 2141 1319 2191 tem
1362 2132 1501 2203 lum,

296 2219 357 2269 et
396 2210 649 2269 docebat.
746 2210 827 2270 Et
879 2211 1237 2268 mirabantur
1330 2212 1499 2283 udaei,

295 2289 586 2359 dicentes;
641 2287 936 2355 Quomodo
979 2287 1071 2346 hic
1112 2287 1330 2348 litteras
1377 2291 1501 2362 scit,

295 2388 423 2424 cum
477 2387 592 2424 non
646 2366 955 2425 didicerit?
1048 2366 1368 2446 Respondit
1421 2371 1502 2427 eis

294 2444 338 2503 J
339 2465 479 2517 esuS,
509 2453 568 2503 et
594 2443 781 2516 dixit;
829 2445 967 2503 Mea
991 2445 1249 2504 doctrina
1275 2465 1387 2504 non
1416 2456 1503 2506 est

297 2544 444 2593 mea,
467 2523 566 2582 sed
583 2523 720 2600 ejuS,
743 2523 839 2600 qui
856 2524 1013 2581 misit
1027 2544 1138 2582 me.
1181 2524 1244 2583 Si
1264 2525 1386 2600 quis
1404 2545 1504 2583 vo-

297 2600 470 2660 luerit
485 2599 832 2659 voluntatem
853 2602 972 2679 ejus
990 2602 1191 2672 facere,
1208 2614 1504 2681 cognoscet

295 2680 368 2738 de
395 2679 674 2750 doctrina,
710 2688 903 2737 utrum
932 2700 1007 2739 ex
1034 2681 1159 2741 Deo
1195 2680 1270 2739 sit
1294 2701 1366 2738 an
1395 2702 1502 2761 ego

295 2778 332 2815 a
377 2757 592 2837 meipso
637 2756 850 2835 loquar.
947 2760 1060 2827 Qui
1112 2779 1148 2817 a
1197 2760 1502 2850 semetipso

296 2834 565 2913 loquitur,
617 2836 854 2915 gloriam
906 2837 1194 2916 propriam
1247 2846 1455 2916 quaerlt
1483 2860 1498 2898 ε

296 2914 393 2991 qui
436 2925 626 2973 autem
714 2917 882 2975 uaerit
925 2916 1163 2995 gloriam
1207 2916 1347 2993 ejus,
1401 2917 1499 2995 qui

298 2993 455 3051 misit
480 2993 659 3065 illum,
709 2995 780 3052 lic
806 3015 983 3054 verax
1008 3002 1112 3066 est,
1135 3002 1194 3054 et
1220 2995 1501 3073 injustitia

297 3071 359 3128 iu
386 3070 482 3129 illo
509 3092 623 3130 non
663 3081 765 3132 est.
846 3072 1060 3132 Nonne
1086 3073 1313 3149 Moyses
1339 3073 1499 3132 dedit

297 3149 454 3208 vobis
491 3148 712 3228 legem:
762 3160 822 3210 et
857 3171 1024 3209 nemo
1055 3170 1128 3209 ex
1168 3151 1324 3209 vobis
1363 3150 1498 3210 facit

296 3224 527 3306 legem?
572 3228 724 3296 Quid
746 3249 838 3287 me
855 3228 1109 3308 quaeritis
1129 3228 1453 3289 interficere
1474 3233 1500 3290 ’ἑ

297 3304 412 3364 Bes
454 3307 614 3364 ondit
633 3307 683 3364 ei
706 3309 889 3380 turba,
917 3314 977 3365 et
996 3306 1177 3376 dixit;
1206 3306 1496 3365 Daemoni-

296 3403 394 3441 um
463 3387 593 3444 abes
621 3406 635 3444 z
664 3386 787 3462 quis
812 3393 872 3444 te
898 3385 1104 3462 quaerit
1128 3384 1495 3446 interficere?

297 3461 615 3541 Respondit
652 3463 695 3521 J
697 3483 838 3535 esus,
876 3475 935 3521 et
970 3462 1120 3520 dixit
1145 3462 1262 3535 eis;
1292 3463 1494 3523 Unum

295 3559 434 3616 opus
461 3540 586 3611 feci,
614 3550 673 3599 et
700 3561 895 3600 omnes
925 3540 1232 3598 miramini.
1315 3542 1496 3620 Prop-

294 3627 454 3676 terea
496 3618 729 3695 Moyses
766 3618 927 3678 dedit
965 3618 1118 3677 vobis
1158 3619 1496 3678 circumcisi·

294 3714 495 3755 onem:
525 3695 666 3774 (non
687 3698 819 3774 quia
838 3717 911 3756 ex
938 3696 1140 3773 Moyse
1166 3706 1271 3769 est,
1299 3700 1397 3757 sed
1419 3719 1494 3758 ex

295 3774 599 3907 patribus&
644 3784 703 3834 et
738 3776 800 3833 in
828 3776 1059 3834 sabbato
1098 3775 1496 3836 circumciditis

340 3855 607 3912 ominem.
691 3853 752 3913 Si
793 3852 1266 3912 circumcisionem
1294 3854 1497 3934 accipit

295 3928 466 3990 homo
492 3932 551 3988 in
580 3934 828 4002 sabbate,
861 3940 926 3990 ut
963 3951 1079 3989 non
1119 3930 1364 3992 solvatur
1397 3933 1493 3993 lex

293 4007 505 4088 Moysi,
547 4009 687 4067 mihi
728 4008 1097 4088 indignamini
1138 4010 1271 4086 quia
1309 4018 1490 4070 totum

294 4084 584 4147 hominem
607 4107 804 4146 sanum
825 4089 930 4146 feci
955 4087 1014 4145 in
1034 4090 1267 4148 sabbato
1289 4092 1313 4149 ἓ
1368 4089 1433 4149 N
1435 4110 1497 4148 o-

289 4162 393 4225 lite
448 4166 704 4244 judicare
767 4167 1072 4226 secundum
1120 4165 1339 4242 faciem,
1394 4168 1496 4229 sed

293 4362 325 4391 ⁰·
359 4354 445 4409 Ps.
472 4354 606 4408 xliii.
660 4356 784 4411 xliv.
806 4357 892 4427 26,
922 4360 997 4431 1.)

293 4424 324 4531 :2
358 4442 470 4548 εἰς·
491 4426 779 4551 a<
809 4429 1026 4501 14...)

642 301 864 348 PRIMA
914 300 1178 348 TERTIA
1227 300 1442 347 HssBD.
1493 298 1806 352 QUARTAE
1854 299 2469 353 QUADRAGESIMAE.

2672 285 2786 349 220

1599 457 1822 534 justum
1842 457 2120 537 judicium
2145 458 2420 534 judicate.
2529 456 2787 515 Dicebant

1603 544 1790 596 autem
1814 536 2044 615 quidam
2067 556 2141 593 ex
2175 536 2614 611 Hierosolymis;
2642 535 2784 593 Non-

1606 634 1680 673 ne
1746 615 1840 673 hic
1893 622 1998 685 est,
2059 634 2228 692 quem
2327 623 2550 672 uaerunt
2615 614 2788 672 Judaei

1605 692 1975 753 interficere?
2072 692 2216 751 Ecce
2371 713 2429 750 m
2469 691 2711 770 loquitur
2740 701 2789 750 et

1606 770 1750 829 nihil
1788 772 1842 831 ei
1883 770 2096 829 dicunt.
2177 769 2474 848 Numquid
2511 791 2643 829 vere
2679 790 2789 848 cog·

1607 857 1885 908 noverunt
1914 850 2216 928 principes,
2236 851 2370 927 quia
2396 850 2487 908 hic
2512 857 2599 907 est
2617 848 2790 910 Chris·

1604 930 1749 987 tus?
1857 928 1970 988 Sed
2026 927 2176 985 hunc
2236 928 2440 986 scimus
2490 928 2642 986 unde
2697 928 2788 985 sit:

1605 1005 1865 1065 Christus
1891 1014 2082 1065 autem
2103 1026 2229 1064 cum
2251 1007 2489 1077 venerit,
2510 1026 2680 1064 nemo
2703 1006 2790 1063 scit

1604 1085 1755 1144 unde
1794 1085 1886 1143 sit.
1966 1084 2263 1144 Clamabat
2308 1105 2446 1162 ergo
2495 1085 2700 1142 docens
2740 1084 2789 1141 in

1604 1162 1821 1240 templo
1846 1162 1889 1221 J
1890 1182 2033 1234 esus,
2061 1170 2121 1220 et
2145 1163 2373 1234 dicens;
2402 1163 2482 1221 Et
2514 1183 2612 1222 me
2641 1163 2792 1231 scitia

1605 1251 1664 1299 et
1701 1242 1850 1300 unde
1891 1243 1999 1300 sim
2039 1241 2229 1300 scitis:
2275 1250 2334 1300 et
2372 1261 2407 1299 a
2442 1241 2657 1319 meipso
2692 1260 2791 1298 non

1609 1321 1752 1391 veni,
1781 1320 1877 1378 sed
1902 1328 1987 1379 est
2015 1340 2198 1391 verne,
2219 1320 2315 1397 qui
2333 1319 2489 1377 misit
2505 1341 2617 1391 me,
2639 1339 2790 1397 quem

1604 1417 1699 1457 vos
1740 1399 1983 1457 nescitis.
2064 1398 2191 1476 Ego
2229 1409 2418 1457 autem
2465 1398 2577 1456 scio
2633 1418 2790 1455 eum:

1604 1484 1665 1534 et
1716 1476 1762 1534 si
1815 1476 2038 1548 dixere,
2091 1477 2225 1553 quia
2274 1476 2460 1536 nescio
2504 1496 2655 1548 eum,
2707 1495 2793 1533 ero

1604 1553 1804 1612 similis
1831 1557 1989 1613 vobis
2018 1555 2283 1613 mendax.
2364 1553 2476 1614 Sed
2514 1555 2633 1612 scio
2657 1574 2792 1623 eum,

1641 1630 1735 1690 uia
1772 1635 1845 1692 ab
1886 1634 2007 1712 ipso
2049 1653 2193 1703 sum,
2234 1642 2294 1692 et
2331 1633 2451 1711 ipse
2492 1654 2587 1691 me
2635 1632 2791 1691 misit.

1603 1651 1958 1778 Quaerebant
1997 1732 2134 1789 ergo
2173 1732 2303 1770 eum
2342 1710 2792 1790 apprehendere:

1604 1797 1663 1847 et
1705 1809 1876 1848 nemo
1918 1790 2075 1848 misit
2117 1790 2176 1847 in
2222 1788 2380 1848 illum
2426 1810 2642 1860 manus,
2678 1789 2795 1867 quia

1604 1868 1854 1925 nondum
1876 1877 2111 1927 venerat
2132 1869 2273 1926 hora
2287 1869 2424 1946 ejus.
2494 1883 2518 1912 ο
2535 1868 2627 1927 De
2643 1869 2797 1925 turba

1602 1953 1789 2005 autem
1817 1945 1980 2005 multi
2010 1947 2373 2006 crediderunt
2398 1947 2458 2003 in
2488 1963 2676 2005 eumd²

1687 2023 2100 2099 Offmorium.‘¹

1664 2100 1965 2172 Expectans
1987 2101 2260 2173 expectavi
2285 2100 2597 2170 Dominum,
2623 2107 2678 2156 et
2699 2118 2793 2156 res·

1603 2172 1752 2242 pexit
1792 2189 1879 2226 me
1918 2192 1929 2225 :
1967 2179 2025 2227 et
2064 2172 2339 2228 exaudivit
2384 2173 2797 2244 deprecationem

1604 2260 1794 2311 meam,
1829 2248 1885 2297 et
1907 2243 2133 2297 immisit
2166 2244 2225 2297 in
2251 2260 2309 2297 os
2333 2260 2515 2297 meum
2538 2243 2796 2298 canticum

1604 2329 1804 2367 novum
1833 2334 1844 2366 :
1871 2314 2139 2396 hymnum
2167 2314 2277 2368 Deo
2300 2320 2498 2369 nostro.

1615 2382 1674 2437 V.
1748 2382 1953 2439 Statmt
1991 2402 2152 2456 supra
2186 2392 2393 2456 petram
2430 2385 2591 2456 pedes
2628 2402 2794 2439 meos:

1602 2458 1658 2507 et
1681 2453 1880 2509 direxit
1901 2465 2286 2527 gressosmeos.

1682 2525 1921 2585 Secreta.
2055 2510 2125 2566 ω)

1683 2604 1962 2663 Fidelium
1991 2612 2240 2676 tuorum,
2281 2604 2549 2675 Domine,
2588 2624 2796 2683 quaessu-

1604 2702 1748 2753 mus,
1764 2681 1974 2742 hostias
1995 2684 2269 2762 propitius
2287 2683 2512 2742 intuere
2530 2705 2546 2756 ;
2577 2694 2641 2742 ut
2656 2683 2795 2761 quod

1603 2760 1852 2819 oblatum
1901 2771 1988 2820 est
2026 2783 2129 2842 per
2171 2761 2498 2840 obsequium
2542 2770 2602 2821 et
2634 2762 2797 2821 devo-

1600 2847 1790 2897 torum
1815 2850 1943 2898 vota
1959 2839 2316 2911 famulorum,
2344 2848 2444 2898 tua
2468 2842 2654 2918 potius
2676 2860 2796 2919 pro·

1601 2917 1896 2996 pitiatione
1919 2919 2200 2977 firmetur.
2232 2919 2347 2977 Per
2369 2918 2695 2977 Dominum.

1679 2996 1973 3073 Praefatio,
2058 2997 2172 3065 Qui
2201 2994 2475 3075 corporali
2496 2997 2734 3076 jejunio.

1684 3073 2069 3133 Communi0.‘³

1669 3151 2001 3207 Laetabimur
2019 3152 2076 3205 in
2095 3151 2319 3207 salutari
2338 3157 2462 3206 tuo:
2484 3158 2542 3206 et
2554 3152 2612 3205 in
2632 3151 2795 3205 nomi·

1598 3239 1668 3276 ne
1691 3222 1908 3276 Domini
1935 3222 2033 3277 Dei
2060 3222 2223 3277 nostri
2249 3221 2728 3293 magnificabimur.

1679 3292 2154 3353 Postcommwnv'o.

1676 3371 1867 3431 Prosit
1907 3374 2083 3444 nobiS,
2139 3392 2475 3452 quaesumuS,
2531 3370 2794 3442 Domine,

1593 3471 1747 3509 sacer
1785 3451 1939 3509 cibus
1979 3462 2257 3529 potusque
2289 3449 2568 3522 salutaris,
2609 3451 2704 3528 qui
2739 3458 2797 3508 et

1593 3527 1965 3607 temporalem
1993 3530 2166 3588 vitam
2207 3529 2428 3588 muniat
2468 3536 2529 3588 et
2567 3537 2798 3608 praestet

1594 3616 1887 3667 aeternam.
1970 3608 2085 3667 Per
2112 3608 2437 3666 Dominum.

1678 3684 1862 3763 Super
1880 3686 2178 3763 populum.

1674 3763 1993 3824 Humiliate
2020 3764 2207 3844 capita
2229 3771 2419 3823 vestra
2446 3765 2587 3823 Deo.

1676 3841 1898 3901 Oratio,

1670 3920 1968 3994 Miserere,
1977 3940 2315 4000 quaesumuS,
2338 3919 2604 3992 Domine,
2621 3938 2795 3999 popu·

1592 3998 1648 4057 lo
1666 4007 1782 4071 tuo,
1805 4007 1865 4058 et
1879 3999 2157 4057 continuis
2174 3999 2630 4058 tribulationibus
2645 3997 2795 4055 labo-

1594 4088 1818 4137 rantem
1871 4078 2149 4157 propitius
2201 4076 2483 4156 respirare
2537 4075 2791 4137 concede.

1596 4157 1711 4216 Per
1739 4155 2069 4216 Dominum.

1594 4356 1622 4395 d
1661 4358 1746 4412 Ps.
1774 4357 1956 4411 xxxix.
1985 4356 2082 4427 (xl.
2113 4356 2160 4425 1,
2190 4355 2238 4427 3,
2259 4355 2336 4427 2.)

1594 4439 1619 4466 e
1656 4428 1742 4482 Ps.
1770 4429 1878 4482 xix.
1909 4428 2019 4499 (xx.
2049 4428 2124 4497 5.)
