2975 5009
247 221 376 283 319

244 388 409 443 catori
450 408 462 441 ε
502 387 872 459 cogitaverunt
911 388 1193 442 adversum
1234 404 1334 454 me,
1379 402 1450 440 ne

245 458 584 528 derelinquas
607 475 707 526 me,
736 476 804 511 ne
828 475 1069 527 unquam
1093 457 1414 512 exaltentur.

258 529 319 582 V.
395 528 572 610 Caput
605 529 860 610 circuitus
894 545 1077 582 eorum
1106 548 1117 581 :
1144 528 1294 582 labor
1316 527 1451 582 labi·

247 615 401 722 {gum
412 604 1016 738 ffirgrtqgggneituqqis.
1053 669 1454 721 confitebuntur

248 738 458 792 nomini
501 744 597 793 tuo
636 759 646 792 :
685 745 741 792 et
784 738 1113 793 habitabunt
1158 738 1289 792 recti
1331 755 1453 791 cum

250 808 408 862 vultu
432 814 541 863 tuo.

335 878 615 956 Sequatur
644 880 853 937 Passio
892 879 1014 937 sine
1055 880 1330 937 Dominus
1357 898 1452 936 vo-

250 959 470 1016 biscum
499 965 549 1015 et
574 957 693 1014 sine
721 958 903 1028 titulo,
931 958 1030 1015 hoc
1055 957 1234 1014 mode.

311 1043 419 1093 ⁸m.
440 1035 713 1115 Egressus
731 1043 818 1093 est
834 1034 877 1094 J
880 1056 1003 1093 esus
1020 1056 1148 1093 cum
1163 1032 1450 1112 discipulis

252 1114 366 1172 suis
391 1122 550 1171 trans
577 1122 889 1171 torrentem
927 1113 1172 1184 Cedron,
1201 1114 1298 1171 ubi
1329 1121 1452 1171 erat

254 1191 451 1250 hortus
480 1191 537 1247 in
566 1210 733 1268 quem
774 1191 1031 1248 introivit
1057 1192 1174 1270 ipse
1203 1199 1260 1249 et
1288 1190 1452 1249 disci-

253 1269 372 1347 puli
420 1269 559 1347 ejus.
642 1267 863 1327 Sciebat
910 1278 1102 1327 autem
1144 1276 1201 1327 et
1249 1268 1449 1341 Judas,

254 1348 349 1425 qui
393 1347 654 1405 tradebat
700 1367 850 1416 eum,
889 1345 1072 1403 locum
1098 1367 1109 1404 :
1201 1347 1295 1404 uia
1339 1345 1453 1405 fre-

292 1433 496 1483 uenter
540 1424 583 1484 J
586 1444 711 1483 esus
765 1433 1106 1483 convenerat
1147 1367 1276 1482 illiue
1324 1445 1451 1482 cum

253 1446 538 1581 discipulis
591 1504 719 1561 suis.
819 1504 861 1561 J
862 1505 997 1562 udas
1046 1504 1224 1581 bergo
1244 1507 1274 1545 b
1325 1523 1451 1560 cum

253 1583 556 1659 accepisset
595 1581 901 1653 cohortem,
931 1592 989 1641 et
1013 1602 1048 1639 a
1081 1581 1453 1640 Pontificibus

255 1669 315 1718 et
343 1660 645 1718 Pharisaeis
670 1659 977 1731 ministros,
999 1661 1154 1717 venit
1175 1657 1305 1717 illuc
1325 1679 1453 1717 cum

255 1737 490 1796 laternis
543 1745 604 1795 et
655 1736 864 1795 facibus
918 1747 975 1796 et
1020 1738 1210 1795 armis.
1290 1737 1332 1794 J
1334 1758 1455 1794 esus

255 1816 444 1895 itaque
464 1816 640 1873 sciens
669 1816 856 1872 omnia
880 1837 1008 1895 quae
1036 1824 1273 1873 ventura
1293 1824 1457 1874 erant

256 1914 427 1973 super
497 1914 647 1963 eum,
700 1896 970 1971 processit
1023 1901 1082 1952 et
1133 1893 1285 1950 dixit
1337 1894 1417 1951 eis
1441 1915 1457 1962 ;

259 1973 305 2028 b.
333 1972 519 2040 Quem
540 1972 794 2049 quaeritis
816 1973 840 2030 ’ἑ
920 1992 993 2029 m.
1020 1970 1458 2049 Responderunt

258 2051 311 2108 ei
332 2073 346 2120 ;
373 2071 425 2107 a.
445 2049 488 2109 J
491 2069 646 2109 esum
668 2047 1049 2107 Nazarenum.
1105 2069 1179 2105 m.
1204 2060 1229 2089 ⁰
1252 2049 1415 2106 Dixit
1432 2057 1457 2087 ⁰

258 2129 337 2186 eis
384 2128 426 2186 J
428 2146 585 2198 esus;
637 2127 683 2182 b.
733 2127 857 2205 Ego
903 2147 1042 2184 sum.
1141 2146 1216 2183 m.
1262 2124 1461 2184 Stabat

256 2215 448 2264 autem
476 2213 536 2264 et
562 2205 604 2262 J
606 2205 742 2261 udas
763 2205 859 2282 (1Πί
880 2206 1141 2263 tradebat
1161 2225 1308 2276 eum,
1332 2224 1457 2262 cum

259 2285 410 2362 ipsis.
494 2282 586 2341 Ut
611 2302 746 2360 ergo
786 2283 936 2340 dixit
976 2283 1091 2342 eis:
1142 2281 1265 2361 Ego
1294 2303 1456 2341 sum:

258 2362 521 2420 abierunt
573 2367 883 2417 retrorsum
932 2368 991 2419 et
1038 2361 1360 2419 ceciderunt
1401 2360 1460 2418 in

259 2449 493 2498 terram.
537 2438 759 2495 Iterum
781 2458 915 2518 ergo
935 2439 1309 2517 interrogavit
1329 2458 1421 2497 eos
1443 2459 1459 2510 ;

262 2518 308 2575 b.
337 2517 523 2585 Quem
543 2516 843 2593 quaeritis?
904 2538 978 2574 m.
1005 2517 1101 2574 Illi
1122 2526 1312 2575 autem
1332 2517 1460 2573 dix-

262 2603 463 2666 erunt3
499 2614 552 2651 a.
571 2593 613 2650 J
615 2614 771 2652 esum
790 2593 1174 2653 Nazarenum.
1223 2615 1297 2652 m.
1321 2594 1460 2652 Res-

261 2674 466 2751 pondit
492 2672 536 2731 J
537 2691 660 2731 esus
682 2693 697 2743 ;
755 2674 802 2729 b.
834 2673 972 2730 Dixi
1002 2674 1174 2744 vobiS,
1202 2673 1333 2750 quia
1359 2691 1462 2751 ego

262 2772 418 2811 sum:
469 2752 516 2809 si
558 2770 694 2826 ergo
734 2772 826 2809 me
865 2752 1136 2829 quaeritiS,
1166 2752 1333 2809 sinite
1360 2750 1463 2808 hos

262 2830 440 2888 abire.
509 2850 584 2886 m.
620 2829 701 2887 Ut
719 2828 1056 2907 impleretur
1084 2849 1269 2888 sermo
1296 2848 1463 2906 quem

263 2908 445 2967 dixit:
506 2907 657 2975 Quia
702 2927 840 2984 quos
886 2909 1092 2966 dedisti
1140 2907 1301 2979 mihi,
1350 2926 1465 2964 non

263 2985 486 3122 perdidi
504 3006 576 3044 ex
594 2985 673 3043 eis
690 3006 1046 3063 quemquam.
1117 2987 1310 3044 Simon
1331 3004 1467 3062 ergo

317 3073 471 3122 etrus
513 3065 725 3122 habens
762 3064 1013 3142 gladium
1057 3065 1257 3123 eduxit
1299 3084 1463 3123 eum:

265 3151 325 3201 et
352 3143 623 3220 percussit
695 3143 935 3200 ontificis
976 3161 1233 3200 servum:
1282 3153 1341 3198 et
1368 3143 1466 3198 ab·

268 3221 437 3278 scidit
462 3163 764 3278 auriculam
793 3222 913 3298 ejus
939 3221 1256 3278 dexteram.
1323 3219 1468 3277 Erat

266 3307 458 3357 autem
486 3318 694 3357 nomen
737 3316 900 3357 servo
941 3297 1218 3356 MalchuS.
1301 3296 1469 3355 Dixit

269 3396 403 3455 ergo
443 3376 611 3435 Jesus
653 3375 827 3435 Petro
849 3398 865 3447 ;
915 3377 963 3433 b.
994 3376 1171 3434 Mitte
1218 3374 1467 3453 gladium

268 3464 431 3514 tuum
486 3455 545 3511 in
601 3455 878 3531 vaginam.
986 3452 1249 3522 Calicem,
1296 3473 1467 3530 quem

268 3533 428 3591 dedit
456 3532 595 3590 mihi
635 3532 825 3602 Pater,
855 3551 966 3588 non
995 3531 1123 3587 dvis
1145 3540 1207 3590 ut
1224 3530 1253 3569 ‘¹
1279 3533 1467 3589 bibam

269 3610 427 3670 illum
447 3613 471 3670 ἓ
551 3631 626 3669 m.
647 3611 862 3670 Cohors
890 3629 1026 3687 ergo
1046 3616 1105 3668 et
1122 3610 1383 3667 tribunus
1410 3617 1471 3667 et

271 3689 519 3748 ministri
546 3689 588 3747 J
592 3691 878 3748 udaeorum
917 3687 1472 3764 comprehenderunt

270 3768 472 3827 Jesum
501 3776 559 3825 et
586 3767 902 3846 ligaverunt
941 3785 1105 3825 eum:
1155 3774 1214 3824 et
1252 3766 1468 3823 addux-

272 3854 444 3905 erunt
483 3866 612 3904 eum
645 3846 717 3903 ad
744 3846 973 3902 Annam
1014 3844 1298 3921 primum:
1347 3852 1472 3902 erat

273 3925 427 3984 enim
455 3943 612 3982 socer
641 3923 738 3984 cai
783 3922 874 3982 hae
913 3920 1008 3998 qui
1050 3930 1175 3980 erat
1205 3921 1471 3981 Pontifex

273 4004 407 4061 anni
436 4000 600 4060 illius.
758 4010 846 4059 rat
884 4009 1075 4058 autem
1113 3999 1350 4080 Caiphas
1377 4000 1472 4077 qui

273 4080 563 4139 consilium
592 4080 829 4139 dederat
847 4079 890 4138 J
893 4077 1101 4137 udaeis:
1131 4080 1277 4147 Quia
1303 4098 1477 4157 expe-

275 4254 304 4284 ὃ
338 4244 630 4300 secundum
656 4244 968 4299 Johannem
991 4262 1104 4317 cap.
1132 4244 1278 4300 xviii.

275 4318 305 4356 b
338 4315 695 4371 autem—92.
724 4315 808 4370 98.
842 4315 937 4370 4L.
967 4315 1050 4371 57.

276 4397 302 4426 ⁰
337 4386 643 4441 dicit-92.
671 4386 754 4443 97.
783 4387 868 4442 98.
907 4385 1003 4442 41..
1031 4387 1096 4443 V.

845 232 1065 281 FERIA
1113 230 1346 282 sssx'rA
1396 228 1477 277 IN
1526 227 1651 276 DIE
1699 228 2188 278 PARAscEVEs.

2657 210 2771 272 320

1567 384 1672 456 dit,
1701 406 1878 444 unum
1915 384 2206 442 hominem
2241 381 2388 439 mori
2460 399 2528 437 ro
2554 379 2766 457 populo.

1569 464 1922 542 Sequebatur
1955 471 2144 520 autem
2182 460 2382 519 Jesum
2471 458 2627 515 imon
2668 455 2767 516 Pe-

1567 549 1690 599 trus
1742 551 1803 600 et
1853 541 1992 599 alius
2038 537 2359 617 discipulus.
2459 535 2769 613 Discipulus

1566 628 1757 678 autem
1798 619 1892 678 ille
1933 626 2061 677 erat
2098 626 2263 675 notus
2300 614 2578 694 pontifici,
2608 624 2667 671 et
2691 613 2770 669 in·

1567 698 1764 755 troivit
1788 718 1915 756 cum
1946 696 1990 755 J
1992 715 2088 754 esu
2117 695 2178 752 in
2214 697 2424 751 atrium
2468 691 2765 769 pontificis.

1571 775 1777 834 Petrus
1815 782 2006 833 autem
2047 774 2233 830 stabat
2268 772 2342 828 ad
2383 772 2592 828 ostium
2624 766 2767 826 foris.

1569 852 1768 912 Exivit
1804 873 1941 930 ergo
1988 849 2289 929 discipulus
2330 848 2473 906 alius
2519 847 2618 924 qui
2655 856 2769 905 erat

1568 939 1735 989 notus
1787 930 2061 1009 pontifici,
2108 938 2168 987 et
2213 927 2364 985 dixit
2407 925 2673 994 ostiariae,
2717 933 2772 983 et

1568 1009 1889 1068 introduxit
1906 1007 2162 1065 Petrum.
2248 1005 2412 1062 Dixit
2432 1023 2573 1081 ergo
2600 1001 2770 1061 Petro

1568 1086 1768 1145 ancilla
1794 1086 2062 1156 ostiaria;
2109 1105 2164 1142 a.
2192 1082 2490 1160 Numquid
2518 1091 2581 1139 et
2610 1089 2674 1138 tu
2701 1101 2770 1138 ex

1567 1165 1855 1243 discipulis
1884 1184 1943 1223 es
1971 1163 2219 1221 hominis
2259 1161 2465 1219 istius?
2519 1179 2600 1215 m.
2623 1158 2774 1216 Dicit

1570 1242 1702 1315 ille;
1732 1264 1786 1300 a.
1818 1241 1882 1301 N
1885 1263 1957 1300 on
1985 1261 2129 1299 sum.
2210 1261 2285 1297 m.
2317 1239 2561 1298 Stabant
2587 1245 2771 1294 autem

1569 1322 1715 1379 servi
1744 1329 1802 1378 et
1831 1320 2072 1378 ministri
2095 1319 2166 1376 ad
2193 1336 2422 1397 prunas,
2450 1316 2585 1392 quia
2603 1314 2773 1393 frigus

1569 1409 1695 1458 erat
1738 1406 1797 1457 et
1843 1397 2240 1457 calefaciebant
2266 1416 2363 1454 se:
2414 1402 2539 1453 erat
2586 1404 2772 1450 autem

1569 1498 1697 1536 cum
1739 1477 1818 1535 eis
1845 1486 1905 1535 et
1932 1476 2139 1534 Petrus
2180 1483 2334 1533 stans
2362 1480 2420 1530 et
2448 1469 2778 1530 calefaciens

1570 1576 1649 1615 se.
1732 1553 2000 1613 Pontifex
2028 1573 2163 1630 ergo
2184 1550 2557 1628 interrogavit
2571 1549 2621 1630 :J
2623 1569 2773 1607 esum

1571 1635 1642 1692 de
1659 1632 1943 1712 discipulis
1963 1633 2075 1689 suis
2091 1640 2151 1689 et
2164 1630 2422 1688 doctrina
2436 1628 2579 1706 ejus.
2638 1628 2775 1685 Res-

1572 1711 1776 1790 pondit
1796 1712 1847 1770 ei
1869 1711 1911 1769 J
1914 1729 2075 1780 esus;
2118 1710 2165 1765 b.
2196 1708 2322 1786 Ego
2348 1706 2534 1785 palam
2565 1705 2775 1763 locutus

1572 1810 1695 1846 sum
1750 1790 2002 1847 mundo:
2059 1807 2163 1865 ego
2215 1805 2440 1863 semper
2500 1784 2667 1842 docui
2719 1783 2774 1839 in

1573 1887 1860 1946 synagoga
1909 1874 1970 1925 et
2022 1865 2081 1922 in
2129 1863 2362 1941 templo,
2415 1880 2530 1938 quo
2586 1880 2776 1919 omnes

1574 1945 1617 2004 J
1620 1946 1771 2004 udaei
1798 1945 2141 2003 conveniunt
2166 1965 2179 2000 ε
2210 1951 2270 2000 et
2296 1943 2357 1998 in
2385 1938 2604 1997 occulto
2633 1937 2776 1997 locu-

1575 2032 1666 2081 tus
1693 2044 1816 2082 sum
1846 2021 2007 2079 nihil.
2095 2021 2250 2089 Quid
2279 2040 2370 2077 me
2417 2018 2777 2095 interrogas?

1575 2102 1866 2180 interroga
1890 2120 1985 2158 eos
2012 2100 2108 2177 qui
2137 2098 2455 2166 audierunt,
2478 2095 2617 2172 quid
2637 2080 2781 2153 locu-

1576 2189 1667 2238 tus
1714 2200 1837 2237 sum
1892 2178 2065 2257 ipsis:
2122 2196 2248 2236 ecce
2301 2174 2363 2231 hi
2416 2176 2606 2232 sciunt
2656 2194 2779 2252 quae

1576 2258 1822 2317 dixerim
1877 2276 1998 2335 ego.
2095 2276 2173 2312 m.
2223 2254 2373 2312 Haec
2419 2262 2615 2310 autem
2661 2272 2783 2310 cum

1577 2335 1830 2406 dixisset,
1884 2355 2029 2392 unus
2075 2333 2340 2391 assistens
2393 2329 2785 2388 ministrorum

1579 2414 1739 2472 dedit
1793 2412 2012 2491 alapam
2064 2411 2223 2481 Jesu,
2277 2411 2513 2479 dicens3
2586 2428 2641 2465 a.
2699 2407 2787 2466 Sic

1579 2492 1883 2570 respondes
1936 2490 2243 2568 pontifici?
2329 2508 2405 2544 m.
2465 2485 2785 2563 Respondit

1582 2570 1634 2628 ei
1688 2570 1730 2628 J
1733 2590 1892 2640 esus;
1950 2570 1998 2625 b.
2055 2569 2117 2627 Si
2171 2565 2320 2624 male
2375 2565 2593 2622 locutus
2647 2583 2787 2634 sum,

1580 2648 1967 2706 testimonium
2014 2644 2247 2724 perhibe
2281 2645 2353 2703 de
2390 2640 2568 2699 malo:
2607 2643 2656 2700 si
2692 2661 2790 2698 au-

1580 2733 1699 2784 tem
1752 2727 1915 2796 bene,
1964 2723 2100 2803 quid
2144 2743 2238 2781 me
2284 2721 2497 2779 caedis?
2580 2741 2657 2777 m.
2716 2719 2792 2778 Et

1584 2803 1740 2861 misit
1767 2823 1893 2861 eum
1925 2804 2121 2860 Annas
2147 2801 2383 2880 ligatum
2410 2799 2482 2856 ad
2510 2798 2790 2876 Caipham

1582 2881 1927 2960 pontificem.
1996 2880 2139 2938 Erat
2155 2888 2343 2937 autem
2364 2878 2562 2936 Simon
2583 2877 2791 2935 Petrus

1583 2970 1738 3019 stans
1758 2966 1818 3017 et
1838 2958 2162 3017 calefaciens
2180 2978 2257 3015 se.
2340 2955 2636 3013 Dixerunt
2658 2973 2794 3030 ergo

1584 3039 1672 3110 εἰς
1724 3058 1781 3094 a.
1830 3036 2128 3114 Numquid
2171 3044 2231 3093 et
2270 3043 2335 3092 tu
2374 3053 2449 3092 ex
2502 3033 2793 3110 discipulis

1585 3117 1704 3195 ejus
1745 3117 1849 3175 es?
1929 3135 2004 3172 m.
2051 3113 2306 3192 Negavit
2344 3111 2459 3182 ille,
2504 3120 2566 3169 et
2606 3111 2761 3169 dixit
2775 3132 2791 3182 3

1586 3215 1640 3251 a.
1676 3193 2005 3252 Non-ssum.
2087 3213 2161 3249 m.
2207 3192 2372 3249 Dixit
2418 3189 2470 3248 ei
2515 3210 2668 3247 unus
2723 3209 2795 3248 ex

1585 3273 1762 3331 servis
1812 3270 2114 3348 pontificiS,
2156 3278 2423 3348 cognatus
2469 3269 2594 3345 ejus
2636 3269 2794 3346 cujus

1585 3350 1821 3409 abscidit
1849 3350 2054 3408 Petrus
2092 3347 2432 3417 auriculam3
2477 3366 2531 3402 a.
2577 3345 2797 3404 Nonne

1587 3448 1692 3506 ego
1716 3436 1774 3487 te
1798 3427 1910 3484 vidi
1933 3429 1991 3483 in
2014 3425 2180 3484 horto
2198 3446 2324 3483 cum
2344 3423 2440 3482 illo
2462 3426 2486 3482 ἓ
2569 3444 2648 3480 m.
2677 3424 2797 3482 Ite-

1589 3526 1713 3563 rum
1752 3525 1888 3584 ergo
1926 3505 2153 3583 negavit
2195 3504 2433 3562 Petrus:
2485 3509 2546 3559 et
2594 3503 2794 3561 statim

1586 3582 1763 3663 gallus
1782 3583 2046 3641 cantavit.
2103 3582 2415 3640 Adducunt
2435 3600 2572 3658 ergo
2589 3579 2633 3638 J
2635 3600 2793 3639 esum

1586 3683 1622 3720 a
1645 3661 1863 3741 Caipha
1886 3661 1947 3718 in
1978 3659 2338 3719 Praetorium.
2419 3656 2565 3716 Erat
2600 3666 2794 3716 autem

1589 3761 1755 3799 mane
1780 3762 1794 3798 ι
1824 3747 1882 3798 et
1909 3739 2014 3817 ipsi
2044 3758 2157 3795 non
2185 3736 2529 3795 introierunt
2556 3737 2618 3793 in
2648 3755 2796 3813 prte-

1588 3819 1798 3878 torium
1838 3825 1905 3875 ut
1944 3837 2059 3874 non
2095 3816 2620 3874 contaminarentur
2648 3815 2749 3872 sed
2770 3825 2797 3855 θ

1590 3895 1995 3954 manducarent
2059 3893 2292 3952 Pascha.
2399 3892 2598 3952 Exivit
2661 3910 2798 3971 ergo

1592 3972 1809 4032 Pilatus
1828 3974 1899 4031 ad
1920 3992 2014 4030 eos
2033 3972 2201 4043 foraS‚
2223 3980 2283 4030 et
2301 3972 2484 4043 dixit3
2514 3990 2571 4028 a.
2603 3970 2793 4038 Quam

1593 4051 1999 4111 accusationem
2039 4050 2257 4109 affertis
2298 4050 2567 4110 adversus
2611 4048 2796 4108 homi·

1597 4244 1626 4282 <1
1666 4260 1774 4297 non
1800 4243 2004 4298 habent
2028 4242 2111 4296 98.
2139 4240 2235 4295 4L.
2263 4241 2329 4295 V.

1601 4324 1626 4356 θ
1663 4313 1910 4369 ut.—-4L.
1942 4314 2026 4367 13.
2058 4312 2138 4366 15.
