2975 5009
353 247 480 316 547

438 417 651 479 Clerici
691 418 754 477 V.

425 496 625 552 Omnia
642 495 780 564 viva,
805 511 929 565 quae
944 494 1094 549 vehit
1114 510 1312 565 aequor,

498 575 526 605 ⁸
544 571 756 638 vegetat
778 566 805 604 b
824 583 915 620 aer
931 566 961 604 b
985 570 1231 635 terraque
1255 562 1447 618 nutrit.

444 637 680 697 Chorus.
762 636 836 691 Et
858 636 1199 692 benedicunt.

443 716 656 776 Clerici
705 712 775 775 V.

448 792 661 848 Cuncta
682 791 967 846 hominum
991 808 1123 863 gens
1163 788 1329 845 Israel
1353 788 1482 860 ipse,

502 862 939 933 Christicolaeque
961 834 1159 918 servus-i
1182 861 1396 931 quique.

449 933 684 993 Chorus.
769 933 1226 1005 omnipotentem.

446 1010 659 1072 Clerici
700 1009 770 1071 V.

432 1089 618 1145 Sancti
642 1089 977 1159 humilesque
1000 1087 1154 1143 corde
1176 1085 1424 1157 benigno,

503 1166 716 1230 tresque
738 1160 923 1283 ρΕιιείΙΙὶ
945 1164 1338 1229 exsuperantes.

447 1228 679 1290 &tor-ua
811 1236 835 1285 t
869 1229 1210 1286 benedicunt.

448 1307 660 1368 Clerici
706 1305 778 1365 V.

437 1385 565 1441 Rite
587 1385 788 1440 camini
811 1385 957 1458 ignei
981 1386 1227 1441 flammas

511 1456 658 1511 ‘ussa
680 1457 901 1529 tyranni
928 1463 1167 1511 temnere
1189 1453 1439 1528 prompti.

453 1526 504 1586 C
542 1548 689 1586 orus.
771 1527 1224 1600 Omnipotentem.

451 1604 663 1665 Clerici
712 1603 783 1663 V.

438 1683 524 1738 Sit
546 1681 792 1738 Genitori
826 1680 946 1736 laus
980 1680 1282 1751 Genitoque
1308 1701 1320 1734 ς

510 1752 735 1823 lausque
759 1762 783 1792 c
801 1752 959 1807 beato
972 1761 998 1791 o
1023 1752 1259 1807 Flamini
1281 1766 1443 1805 sacro.

453 1824 687 1884 Chorus.
769 1823 842 1876 Et
865 1823 1205 1879 benedicunt.

454 1901 665 1963 Clerici
698 1902 1046 1980 reincipiant
1081 1903 1351 1961 Tractwm
1383 1900 1571 1956 Omni-

370 1984 664 2055 potentem.
755 1980 842 2038 Et
860 1989 1220 2057 percantetur
1246 2001 1283 2038 a
1309 1982 1492 2041 chore.

476 2060 759 2138 Sequatur
831 2059 1109 2118 Dominus
1177 2059 1457 2118 vobiscum
1525 2068 1576 2118 et

371 2140 633 2199 OremuS.

457 2216 676 2276 oratic.

450 2294 629 2363 DeuS,
682 2291 779 2369 qui
832 2290 1015 2348 tribus
1067 2290 1257 2369 pueris
1301 2291 1575 2371 mitigasti

372 2371 630 2430 flammas
676 2368 910 2447 ignium,
960 2370 1222 2440 concede,
1274 2372 1574 2450 propitius,

374 2457 439 2508 ut
459 2467 561 2507 nos
577 2445 814 2505 famulos
840 2455 968 2505 tuos
989 2467 1101 2505 non
1123 2456 1328 2508 exurat
1346 2448 1578 2508 flamma

374 2527 661 2586 vitiorum.
743 2525 859 2584 Per
885 2526 1214 2584 Dominum.

445 2604 567 2663 Hic
594 2602 865 2661 dicmur
889 2603 1185 2663 Memoriae
1210 2613 1495 2664 consuetae.

452 2681 562 2740 Ad
586 2679 895 2740 Hebraeos.<¹

453 2761 705 2830 Fratres,
748 2758 1196 2819 'sabernaculum
1238 2759 1450 2821 factum
1492 2770 1578 2823 est

374 2839 645 2920 primum,
673 2839 735 2896 in
774 2857 886 2917 quo
926 2846 1089 2897 erant
1128 2839 1480 2912 candelabra,
1518 2848 1579 2900 et

376 2937 587 2989 mensa,
610 2926 670 2975 et
687 2936 793 2995 pro
834 2915 999 2975 ositio
1056 2936 1249 2989 anum,
1268 2919 1420 2995 quod
1439 2919 1578 2977 dici-

376 3004 474 3055 tur
499 3003 709 3054 sancta.
845 3002 933 3053 ost
957 3013 1025 3053 ve
1082 3002 1337 3055 mentum
1363 3006 1575 3069 autem,

375 3073 687 3135 secundum
726 3072 1152 3131 tabernaculum
1191 3074 1341 3150 quod
1368 3075 1580 3135 dicitur

377 3159 572 3229 sancta
622 3160 944 3210 sanctorum
978 3171 993 3209 ε
1062 3151 1278 3211 habens
1342 3172 1577 3214 aureum

377 3227 750 3300 thuribulum,
790 3236 848 3288 et
889 3248 1077 3287 arcam
1110 3233 1439 3291 testamenti
1470 3232 1579 3291 cir·

377 3314 715 3368 cumtectam
738 3328 811 3366 ex
839 3308 992 3365 omni
1021 3317 1184 3386 parte
1205 3329 1359 3381 auro,
1381 3311 1441 3367 in
1467 3330 1579 3389 qua

378 3394 404 3424 ⁶
425 3393 551 3446 erat
571 3401 596 3430 Θ
623 3405 766 3443 urna
802 3405 974 3445 aurea
1012 3385 1226 3445 habens
1265 3407 1493 3461 manna,
1522 3398 1581 3448 et

379 3464 539 3543 virga
566 3465 765 3522 Aaron
785 3483 913 3541 quse
933 3463 1278 3534 fronduerat,
1299 3473 1357 3523 et
1373 3466 1579 3525 tabulae

378 3542 726 3613 testamenti,
745 3561 915 3618 super
942 3559 1070 3618 quae
1098 3549 1263 3600 erant
1287 3542 1579 3604 Cherubin

377 3619 576 3756 glories
628 3618 1025 3677 obumbrantia
1088 3619 1580 3710 propitiatorium:

420 3719 453 3758 e
478 3697 677 3775 quibus
703 3716 817 3754 non
845 3704 931 3754 est
959 3696 1125 3753 modo
1151 3698 1449 3758 dicendum
1478 3722 1582 3779 per

380 3774 619 3853 singula.
701 3773 814 3833 His
840 3790 973 3831 vero
1000 3772 1082 3831 ita
1120 3778 1476 3855 compositis:
1520 3781 1581 3837 in

380 3853 560 3933 priori
599 3851 831 3931 quidem
859 3852 1217 3911 tabernaculo
1242 3874 1468 3936 semper
1494 3857 1580 3915 in-

380 3989 411 4019 ⁸
445 3979 521 4034 sic
576 3978 660 4033 15.
719 3978 810 4033 &a
873 3979 1171 4049 quse—92.
1216 3981 1301 4037 94.
1347 3985 1431 4040 98.
1482 3987 1580 4044 4L.

384 4048 547 4105 8RM.
575 4048 660 4103 57.

382 4121 412 4160 b
448 4117 714 4175 ven—92.
739 4118 838 4174 4L.
867 4119 952 4175 57.

384 4201 409 4230 ⁰
444 4188 776 4245 beata—92.
803 4189 887 4246 94.
916 4190 1000 4244 98.
1028 4190 1123 4248 4L.
1153 4194 1235 4249 15.
1264 4196 1350 4251 57.

376 4261 415 4311 ,¹¹
450 4276 563 4330 cap.
590 4258 663 4313 ix.
690 4260 761 4313 A.
789 4261 859 4333 (v.
886 4260 1070 4333 2-12.)

387 4379 424 4412 ἦ
457 4380 648 4434 scilicet
679 4384 987 4438 subdiaconi
1020 4384 1082 4436 in
1115 4388 1263 4455 capis
1303 4388 1475 4456 niyris
1513 4390 1588 4444 ad

386 4450 616 4517 qradum
661 4451 805 4506 chori
848 4459 1045 4507 stantes
1080 4460 1288 4509 cantent
1323 4457 1589 4528 inteqrum

654 260 973 312 sABBAro
1005 257 1356 315 QUATUOR
1386 254 1792 308 'rnurosstm
1821 251 2083 303 unusls
2115 249 2591 301 snrrmassms.

2747 235 2862 300 548
2960 291 2961 352 ἒ

2960 373 2961 396 1

1675 411 1931 471 troibant
1945 409 2278 480 sacerdotes,
2290 408 2691 467 sacrificiorum
2704 406 2868 466 officia
2960 403 2961 464 J

1680 495 2182 549 consummantes:
2249 488 2309 544 in
2357 487 2608 545 secundo
2672 494 2867 555 autem,

1680 566 1858 627 semel
1883 568 1943 623 in
1968 585 2120 624 anno
2145 564 2293 624 solus
2331 564 2596 643 pontifex
2621 583 2736 622 non
2762 563 2872 621 sine
2960 585 2961 590 ¹

1680 644 1971 724 sanguine,
2018 663 2187 721 quem
2242 642 2479 702 offerret
2513 661 2623 721 pro
2676 661 2774 699 sua
2819 649 2873 699 et

1755 723 1876 801 puli
1929 721 2250 802 ignorantia
2285 743 2302 780 ι
2371 720 2480 779 hoc
2530 720 2875 798 significante

1680 743 1908 881 §piritu
1961 801 2186 871 Sancte,
2229 800 2483 857 nondum

1683 899 1803 939 esse
1862 887 2184 937 sanctorum
2238 878 2404 948 viam,

1683 956 2047 1016 tabernaculo
2100 954 2346 1014 habente
2398 963 2634 1013 statum.

1686 1034 1952 1114 parabola
1977 1042 2063 1093 est
2089 1035 2361 1112 temporis
2382 1033 2686 1091 instantis:
2725 1031 2879 1109 juxte

1684 1134 1854 1192 quam
1909 1132 2144 1171 munera
2194 1119 2252 1170 et
2297 1110 2502 1169 hostiae
2550 1110 2874 1180 offeruntur,

1684 1212 1813 1270 quse
1854 1210 1968 1249 non
2009 1197 2245 1268 possunt
2280 1189 2453 1267 juxta
2488 1186 2873 1247 conscientiam
2960 1223 2961 1246 1

1686 1269 2000 1349 perfectum
2028 1266 2208 1327 facere
2228 1268 2594 1325 servientem.
2670 1264 2873 1327 Solum·

1687 1348 1856 1406 modo
1894 1347 1955 1405 in
1983 1345 2121 1403 cibis
2159 1352 2218 1403 et
2252 1345 2314 1402 in
2356 1345 2585 1423 potibus
2627 1352 2687 1403 et
2725 1344 2875 1402 variis
2960 1353 2961 1412 ξ

1682 1424 2120 1506 baptismatibus
2163 1431 2224 1481 et
2268 1422 2506 1500 justitiis
2549 1422 2753 1493 carnis,
2794 1442 2872 1480 us-
2960 1445 2961 1500 3

1728 1524 1798 1562 ue
1825 1503 1898 1561 ad
1936 1511 2163 1579 tempus
2189 1502 2557 1559 correctionis
2595 1500 2869 1592 impositis.

1686 1524 1950 1643 {hristus
1974 1591 2165 1638 autem
2202 1579 2466 1637 assistens
2508 1579 2766 1658 pontifex
2797 1576 2873 1635 fu-

1689 1668 1948 1718 turorum
2002 1660 2298 1727 bonorum,
2355 1677 2460 1734 per
2527 1654 2766 1735 amplius
2822 1663 2873 1714 et
2960 1697 2961 1704 κ

1763 1737 1995 1796 rfectius
2039 1735 2465 1794 tabernaculum
2522 1754 2642 1792 non
2695 1753 2872 1793 manu-

1688 1759 1919 1886 galatum,
1948 1814 2009 1873 id
2049 1822 2153 1886 est,
2196 1833 2311 1871 non
2350 1812 2518 1891 hujus
2559 1811 2872 1872 creationis:
2960 1809 2961 1818 ’

1690 1913 1874 1971 neque
1918 1912 2023 1971 per
2066 1892 2398 1970 sanguinem
2453 1891 2742 1950 hircorum
2788 1899 2874 1948 aut

1690 1970 2014 2041 vitulorum,
2054 1967 2153 2028 sed
2187 1990 2291 2047 per
2333 1971 2633 2046 proprium
2675 1968 2876 2048 sangui-

1690 2070 1847 2123 nem,
1865 2048 2126 2107 introivit
2151 2046 2329 2106 semel
2355 2048 2417 2106 in
2444 2056 2659 2121 sancta,
2682 2058 2876 2107 aeterna

1691 2127 2083 2205 redemptione
2109 2126 2359 2183 inventa.

1771 2205 1907 2262 Duo
1935 2203 2128 2262 clerici
2157 2203 2226 2260 cle
2261 2202 2504 2261 secwncla
2532 2203 2738 2281 forma
2773 2201 2878 2259 *in

1693 2282 1852 2361 capis
1894 2282 2012 2339 suis
2070 2281 2256 2357 niyris
2309 2282 2389 2338 ad
2441 2282 2694 2356 yradum
2744 2280 2879 2339 chori

1693 2360 1867 2419 simul
1934 2360 2131 2417 dicant
2185 2361 2207 2398 ί
2230 2366 2408 2417 totum
2472 2368 2525 2417 et
2586 2360 2884 2435 inteymmf

1698 2439 2016 2496 'fracturas
2036 2437 2076 2472 ’χ’

1765 2514 2007 2569 Laudate
2039 2513 2348 2582 Dominum,
2375 2530 2562 2568 omnes
2597 2519 2782 2585 gentes
2805 2533 2816 2566 ε
2837 2517 2885 2566 et

1693 2585 1994 2640 collaudate
2017 2602 2142 2638 eum
2165 2600 2349 2639 omnes
2372 2584 2577 2656 populi.

1707 2656 1767 2709 V.
1840 2654 2108 2725 Quoniam
2143 2655 2460 2709 confirmata
2495 2659 2579 2708 est
2613 2671 2770 2779 stiffi
2799 2669 2883 2706 nos

1694 2725 2054 2779 misericordia
2100 2724 2218 2795 ejus
2268 2744 2280 2778 ε
2330 2730 2385 2779 et
2431 2726 2633 2780 veritas
2760 2722 2881 2778 mini

1694 2802 1882 2851 manet
1905 2796 1963 2848 in
1989 2802 2270 2850 aeternum.

1773 2866 2094 2926 Secundum
2119 2865 2390 2924 Lucam.²²

1776 2945 1851 3003 In
1879 2943 1977 3002 illo
2004 2953 2281 3022 tempore,
2309 2944 2553 3002 Dicebat
2583 2943 2752 3003 Jesus
2774 2952 2879 3004 tur·

1692 3022 1780 3081 bis
1806 3022 2236 3080 similitudinem
2264 3022 2447 3094 hanc;
2492 3023 2784 3082 Arborem
2801 3021 2879 3080 fici

1693 3100 1939 3159 habebat
1981 3101 2210 3177 quidam
2262 3100 2580 3178 plantatam
2629 3102 2689 3158 in
2737 3103 2881 3159 vinea

1693 3198 1812 3249 sua,
1831 3186 1891 3237 et
1905 3179 2064 3237 venit
2081 3198 2342 3255 quaerens
2362 3179 2612 3237 fructum
2634 3179 2695 3237 in
2710 3178 2818 3250 ills,
2831 3185 2881 3237 et

1694 3276 1810 3313 non
1838 3257 2076 3314 invenit.
2142 3255 2300 3314 Dicit
2315 3265 2507 3315 autern
2528 3258 2604 3315 ad
2626 3256 2875 3316 cultorem

1695 3334 1875 3393 vineee
1896 3356 1914 3407 ;
1963 3335 2107 3393 Ecce
2145 3336 2282 3391 anni
2328 3344 2446 3393 tres
2488 3345 2628 3395 sunt
2675 3357 2746 3396 ex
2787 3354 2878 3414 quo

1695 3412 1860 3472 venio
1880 3432 2144 3490 quaerens
2163 3413 2408 3471 fructum
2430 3414 2491 3469 in
2513 3414 2759 3473 ficulnea
2776 3414 2876 3483 hac,

1696 3497 1756 3548 et
1809 3510 1923 3547 non
1963 3491 2224 3550 invenio:
2267 3492 2486 3549 succide
2530 3513 2673 3571 ergo
2713 3492 2874 3550 illam:

1696 3576 1763 3626 ut
1778 3568 1913 3647 quid
1931 3569 2105 3627 etiam
2126 3576 2339 3628 terram
2357 3574 2633 3648 occupat?
2691 3571 2776 3630 At
2798 3569 2876 3629 ille

1697 3646 2061 3724 respondem,
2091 3647 2173 3704 ait
2201 3646 2278 3705 illi
2303 3669 2319 3719 ;
2368 3646 2641 3722 Domine,
2673 3648 2875 3708 dimitte

1697 3722 1850 3781 illam
1878 3732 1938 3782 et
1976 3723 2083 3783 hoc
2120 3744 2291 3795 anno,
2317 3745 2494 3804 usque
2520 3728 2662 3785 dum
2689 3726 2873 3785 fodiam

1697 3802 1845 3860 circa
1881 3800 2055 3873 illam,
2103 3811 2163 3861 et
2208 3804 2436 3861 mittam
2483 3813 2769 3865 stercora:
2827 3816 2876 3863 et

1700 4001 1725 4032 θ
1760 4010 1872 4048 non
1895 3993 2100 4049 habent
2125 3994 2208 4048 92.
2237 3995 2321 4051 97.
2351 3995 2435 4052 98.
2462 3997 2564 4052 4L.

1700 4064 1722 4101 ¹
1762 4081 1874 4118 non
1899 4064 2106 4120 habent
2129 4065 2214 4119 92.
2248 4066 2332 4120 98.
2359 4066 2458 4121 4L.
2488 4067 2576 4124 15.
2604 4070 2688 4125 57.

1699 4142 1733 4241 ἶ
1763 4135 1851 4190 Ps.
1879 4135 2016 4218 cxxi:
2046 4136 2251 4258 ngii.)
2353 4201 2356 4205 Δ

1767 4222 1882 4277 cap.
1909 4222 2024 4261 xm.
2101 4246 2112 4260 .
2141 4205 2213 4277 (v.
2241 4206 2425 4277 6-17.)

1700 4395 1865 4449 istum
1907 4396 2404 4453 Tractum.——Grad.

2574 797 2875 887 ropalatarn
2960 823 2961 828 ¹

2577 897 2648 935 uc
2714 895 2877 954 priori
2960 905 2961 908 ¹

2748 955 2961 1021 (ἔπε’
