2975 5009
123 204 223 290 52}

98 395 164 471 f.
237 397 433 458 Natus
459 400 612 461 alma
641 401 888 484 Virgine

313 480 602 554 qui-extat
628 491 762 541 ante
791 483 1027 558 saecula3

96 553 159 626 fi
230 554 341 614 Est
368 557 649 617 immensa
674 561 734 617 in
755 561 892 620 coelo

275 633 503 711 gloria,
531 653 653 715 pax-
673 639 813 698 etin
832 649 1013 702 terra.

108 731 161 768 c.
227 712 325 771 Sic
352 734 488 793 ergo
514 716 638 774 coeli
655 726 883 777 caterva

302 790 574 852 altissime
594 796 818 872 jubilat,

217 867 302 926 Et
329 878 492 930 tanto
518 894 719 932 canore
747 883 955 936 tremat

309 948 426 1007 alta
450 950 565 1028 poli
591 953 869 1013 machina.

155 1066 171 1081 .
220 1021 402 1086 Sonet
428 1037 488 1087 et
513 1050 616 1107 per
643 1032 833 1101 omnia

297 1105 404 1163 hac
429 1106 488 1163 in
516 1109 609 1167 die
635 1110 817 1187 gloria

293 1203 429 1243 voce
455 1184 606 1244 clara
630 1188 874 1250 reddita.

218 1260 495 1321 Humana
520 1276 859 1345 concrepent
882 1278 1088 1329 cuncta

300 1341 487 1400 Deum
517 1352 713 1401 natum
741 1346 802 1403 in
835 1353 1005 1404 terra.

213 1416 520 1480 Confracta
544 1430 675 1480 sunt
702 1424 941 1502 imperia

294 1497 472 1558 hostis
497 1501 907 1573 crudelissima3

210 1574 343 1634 Pax
370 1578 431 1634 in
460 1585 616 1636 terra
642 1581 883 1652 reddita,

289 1675 440 1714 nunc
465 1655 732 1716 laetentur
759 1660 949 1717 omnia

272 1733 351 1791 ·.N
359 1734 439 1792 ati
466 1755 568 1812 per
589 1738 840 1810 exordia,

136 1857 163 1866 ..
209 1811 376 1872 Solus
405 1814 501 1889 qui
529 1822 721 1873 tuetur
750 1816 955 1885 omnia,

207 1889 374 1950 Solus
397 1892 492 1967 qui
514 1893 765 1952 condidit
792 1895 995 1967 omnia,

141 2012 167 2032 .,
206 1969 343 2048 Ipse
368 1990 469 2027 sua
494 1971 705 2049 pietate
731 1972 910 2031 solvat

283 2048 473 2105 omnia
500 2057 727 2126 peccata
754 2060 961 2108 nostra.

90 2151 109 2176 ·.
175 2125 564 2201 Evanyelium
627 2148 778 2187 mom
829 2129 1075 2206 duplicis
1122 2129 1266 2206 festi
1290 2155 1309 2190 .-

91 2202 425 2261 Secwndum
448 2205 719 2274 Lzoeame
907 2268 914 2275 ,

176 2280 253 2338 In
300 2282 398 2340 illo
438 2292 716 2362 tempore,
764 2284 924 2343 Exiit
969 2285 1216 2344 edictum
1271 2308 1306 2345 a

92 2359 327 2419 Caesare
367 2360 625 2439 Augusto
650 2371 714 2421 ut
741 2363 1154 2423 describeretur
1180 2367 1306 2423 uni-

11 2422 23 2446 *
87 2458 291 2503 versus
333 2440 500 2497 orbis.
595 2440 742 2499 Haec
780 2442 1082 2521 descriptio
1118 2444 1304 2522 prima

86 2515 245 2576 {acta
270 2525 358 2575 est
384 2538 420 2574 a
444 2519 683 2595 praeside
712 2520 891 2595 Syriae
915 2522 1148 2597 Cyrino.
1221 2523 1302 2584 Et

71 1202 166 1636 §ss-25:99⁶
102 810 168 1079 &⁸299ss

98 1755 152 2025 &eug-‚mss

85 2595 255 2654 ibant
297 2615 493 2654 omnes
528 2606 593 2655 ut
645 2599 1053 2676 profiterentur
1094 2600 1308 2680 singuli.

84 2674 145 2729 in
168 2694 335 2732 suam
350 2674 656 2733 civitatem.
727 2677 1007 2735 Ascendit
1029 2686 1218 2737 autem
1241 2688 1301 2738 et

82 2752 129 2809 J
129 2751 314 2830 oseph
340 2772 374 2809 a
401 2751 633 2811 Galilaea
657 2754 730 2813 de
756 2755 983 2815 civitate
1003 2756 1298 2817 Nazareth

84 2829 145 2886 in
167 2830 215 2888 J
217 2832 443 2888 udaeam
464 2831 748 2891 civitatem
770 2834 975 2906 David,
997 2854 1123 2911 quae
1141 2856 1298 2893 voca-

83 2915 181 2965 tur
199 2908 542 2968 Bethlehem
561 2934 578 2969 2
608 2931 674 2969 eo
700 2912 848 2988 quod
869 2922 1015 2971 esset
1035 2914 1108 2972 de
1127 2914 1295 2973 domo
1329 2990 1331 2992 ι

82 2999 144 3044 et
184 2985 406 3044 familia
435 2988 638 3060 David,
666 2999 731 3048 ut
760 2991 1128 3068 profiteretur
1166 3013 1293 3051 cum

83 3064 277 3123 Maria
329 3066 665 3143 desponsata
715 3068 819 3126 sibi
878 3089 1056 3129 uxore
1108 3090 1294 3150 praeg-

85 3153 279 3203 nante.
364 3145 596 3202 Factum
626 3155 711 3204 est
730 3155 937 3217 autem,
956 3168 1086 3205 cum
1104 3159 1291 3209 essent

85 3221 179 3294 ibi,
209 3220 434 3301 impleti
476 3232 609 3282 sunt
646 3226 767 3283 dies
793 3233 859 3283 ut
885 3236 1128 3303 pareret.
1209 3228 1290 3287 Et

84 3302 311 3379 peperit
363 3300 546 3359 filium
602 3322 786 3365 suum,
824 3304 1286 3383 primogenitum,

82 3386 143 3437 et
178 3379 387 3457 pannis
433 3400 560 3438 eum
603 3380 855 3452 involvit,
894 3390 953 3440 et
996 3382 1288 3443 reclinavit

82 3476 212 3514 eum
259 3459 321 3514 in
357 3459 673 3537 praesepio:
728 3462 860 3536 quia
897 3481 1012 3518 non
1060 3472 1182 3520 erat
1236 3464 1288 3522 ei

81 3533 230 3593 locus
251 3536 311 3592 in
334 3538 659 3595 diversorio.
741 3537 821 3595 Et
842 3547 1095 3616 pastores
1122 3549 1288 3600 erant

78 3612 140 3669 in
180 3616 413 3693 regione
453 3616 649 3674 eadem
676 3615 994 3693 vigilanteS,
1022 3626 1082 3675 et
1106 3627 1289 3677 custo-

79 3692 303 3752 dientes
356 3693 572 3772 vigilias
620 3695 797 3752 noctis
844 3715 1013 3772 supra
1053 3716 1283 3775 gregem

78 3789 262 3829 suum.
342 3772 423 3830 Et
455 3792 580 3831 ecce
605 3772 835 3851 angelus
861 3774 1095 3831 Domini
1122 3776 1285 3834 stetit

73 3848 242 3926 juxta
266 3848 409 3923 illos,
438 3858 498 3930 et
523 3851 747 3910 claritas
773 3851 884 3910 Dei
918 3852 1283 3912 circumfulsit

72 4232 101 4332 ἒ
133 4241 249 4346 (ἔρ.
276 4224 330 4277 ii.
359 4226 429 4277 A.
458 4224 530 4307 (v.
560 4225 756 4309 1-14.)·
1182 4300 1196 4312 .
1233 4300 1245 4311 ·

74 4303 209 4420 faetit
218 4294 472 4419 ,1-6ξὲιὲιέ
475 4407 488 4419 .
499 4313 558 4348 m
608 4298 818 4368 pulpito
865 4315 1011 4353 more
1048 4299 1275 4371 duplicis

140 4461 178 4495 ἱ·
214 4478 329 4516 non
351 4462 695 4598 habetss‘rad.

881 249 963 299 m
998 251 1123 301 ma
1158 251 1629 309 NvamA'ms
1661 237 1938 316 nommss
2270 326 2274 330 ,
2589 227 2686 325 54-

1464 412 1605 487 illos,
1637 429 1725 482 ‚et
1760 423 2108 487 ,timuerunt
2165 427 2371 489 timore
2438 452 2661 513 magno,

1420 502 1427 508 '
1461 491 1730 557 Etdixit
1769 500 1879 559 illis
1917 503 2166 581 angeluS,
2193 506 2394 568 Nolite
2425 511 2659 573 timere:
2745 527 2748 530 ’

1459 591 1584 632 ecce
1621 578 1772 636 enim
1821 582 2147 660 evangelizo
2188 586 2349 644 vobis
2389 591 2659 666 gaudium

1457 670 1744 730 magnum,
1799 661 1948 736 quod
2015 661 2125 719 erit
2191 666 2343 721 omni
2411 669 2653 745 populo:

1451 730 1585 805 quia
1638 743 1803 793 natus
1848 746 1940 796 est
1967 739 2121 797 vobis
2167 739 2334 801 hodie
2379 742 2654 820 Salvator,

1448 809 1546 882 qui
1581 820 1668 870 est
1700 813 1960 873 Christus
2001 817 2299 890 DominuS,
2327 821 2387 879 in
2429 823 2654 886 civitate

1449 884 1655 975 David.
1736 892 1816 952 Et
1856 894 1961 953 hoc
1986 896 2142 954 vobis
2168 897 2426 976 signum:
2482 903 2650 963 Inve-

1447 966 1615 1024 metis
1656 968 1930 1049 infantem
1972 974 2175 1051 pannis
2214 977 2547 1051 involutum,
2589 992 2651 1042 et

1443 1044 1688 1119 positum
1717 1049 1776 1107 in
1803 1052 2098 1130 praesepio.
2180 1054 2259 1112 Et
2294 1057 2478 1115 subito
2504 1059 2650 1119 facta

1443 1130 1530 1179 est
1594 1145 1721 1183 cum
1785 1130 1989 1208 angelo
2055 1130 2360 1192 multitudo
2426 1137 2645 1197 militiae

1439 1199 1677 1260 coelestis
1721 1203 2072 1266 laudantium
2113 1210 2320 1282 Deum,
2359 1223 2419 1273 et
2450 1215 2643 1275 dicen-

1437 1277 1599 1352 tium,
1643 1281 1838 1343 Gloria
1875 1286 1934 1343 in
1962 1287 2258 1349 altissimis
2297 1291 2440 1363 Dec,
2482 1302 2542 1352 et
2583 1296 2639 1352 in

1434 1363 1591 1415 terra
1609 1380 1725 1438 pax
1751 1362 2073 1424 hominibus
2101 1368 2262 1433 bonae
2288 1370 2644 1433 voluntatis.b

1511 1435 1717 1497 Credo.

1514 1526 1895 1603 Offertorium.

1501 1602 1785 1660 Laetentur
1831 1609 1952 1663 coeli
1991 1615 2045 1663 et
2083 1611 2291 1666 exultet
2326 1617 2470 1670 terra
2506 1624 2635 1673 ante

1429 1673 1620 1728 faciem
1644 1677 1891 1733 Domini:
1924 1682 2180 1750 quoniam
2205 1684 2397 1739 venit.⁰

1512 1744 1749 1805 Secreta.

1488 1824 1744 1904 Accepta
1763 1827 1837 1886 sit
1857 1829 1983 1901 tibi,
2004 1829 2269 1904 Domine,
2292 1853 2627 1911 quaesumus,

1425 1899 1717 1963 hodiernae
1764 1904 2082 1967 festivitatis
2127 1909 2351 1983 oblatio,
2406 1921 2487 1985 ut,
2533 1923 2631 1973 tua

1422 1982 1611 2058 gratia
1637 1982 1932 2064 largiente,
1975 2008 2079 2065 per
2120 1988 2241 2046 haec
2279 2002 2629 2052 sacrosancta

1421 2064 1755 2121 commercia
1788 2063 1849 2121 in
1874 2064 2022 2126 illius
2049 2065 2402 2137 inveniamur
2425 2069 2626 2143 forma,

1421 2134 1481 2193 in
1534 2158 1645 2215 quo
1696 2150 1884 2201 tecum
1932 2153 2017 2202 est
2058 2153 2251 2203 nostra
2291 2150 2623 2224 substantia,

1420 2214 1464 2273 J
1465 2235 1589 2275 esus
1613 2218 1874 2280 Christus
1901 2222 2182 2281 Dominus
2208 2234 2416 2285 noster.
2503 2228 2620 2296 Qui

1418 2299 1621 2353 tecum.

1499 2370 1795 2451 Praefatio,
1875 2377 2024 2444 Quia
2047 2398 2151 2456 per
2175 2380 2470 2440 incarnati.

1459 2449 1638 2509 *Haec
1668 2455 1936 2531 proefatio
1975 2457 2190 2514 dicitur
2216 2460 2283 2516 in
2308 2461 2400 2517 die
2440 2461 2617 2520 Nati-

1416 2528 1611 2587 vitatis
1652 2533 1899 2591 Domini
1936 2534 2016 2591 ad
2065 2556 2249 2594 omnes
2295 2539 2513 2612 missam,
2562 2553 2617 2598 ec

1414 2608 1665 2682 quotidie
1701 2632 1809 2687 per
1850 2612 2269 2684 hebdomadam,
2317 2624 2370 2672 et
2410 2618 2477 2674 in
2522 2619 2616 2676 die

1418 2684 1879 2747 Circumcisionis
1909 2688 2174 2761 Domini,
2195 2701 2248 2749 et
2273 2693 2339 2750 in
2359 2697 2614 2754 omnibus

1410 2764 1598 2821 missis
1650 2765 1717 2822 de
1764 2777 1957 2825 sancta
1998 2769 2203 2827 Maria
2256 2773 2326 2828 al)
2371 2774 2475 2829 hac
2522 2774 2616 2831 die

1409 2861 1580 2918 usque
1606 2843 1686 2899 ad
1717 2842 2206 2922 Purificationem.
2286 2852 2612 2907 Communi-

1409 2929 1600 2979 cantes
1642 2943 1767 2998 vero
1808 2924 2024 2980 dicitur
2062 2932 2283 2982 tantum
2323 2947 2491 3003 ‘cisque
2530 2930 2611 2985 ad

1412 2997 1909 3059 Circumcisionem
1936 3009 1986 3058 et
2012 3002 2078 3059 in
2104 3002 2197 3059 dic
2241 3003 2604 3063 Circumcisi-

1406 3078 1592 3133 onia*

1487 3153 1837 3214 Communia

1473 3231 1545 3285 In
1589 3234 1957 3304 splendoribus
1993 3239 2299 3289 sanctorum
2342 3254 2406 3291 ex
2456 3241 2607 3293 utero

1399 3308 1530 3356 ante
1552 3303 1833 3358 luciferum
1855 3307 2018 3375 genui
2045 3305 2146 3360 tad

1477 3388 1946 3447 Postcommumb.

1480 3466 1573 3523 Da
1599 3468 1780 3538 nobiS,
1810 3487 2142 3544 quaesumuS‚
2174 3468 2419 3529 Domine
2448 3471 2603 3530 Deus

1400 3551 1612 3616 noster,
1662 3554 1727 3603 ut
1780 3546 1877 3622 qui
1917 3546 2312 3606 'Nativitatem
2366 3550 2599 3607 Domini

1400 3623 1580 3679 nostri
1633 3623 1674 3680 J
1675 3644 1772 3681 esu
1823 3622 2036 3683 Chris-ei
2093 3645 2195 3683 nos
2239 3627 2599 3704 frequentare

1395 3701 1703 3777 gaudemus
1728 3723 1741 3760 t
1770 3703 1952 3781 dignis
1978 3705 2487 3763 conversationibus
2526 3708 2599 3765 ad

1396 3778 1514 3855 ejus
1543 3801 1859 3839 mereamur
1885 3782 2209 3861 pertingere
2236 3784 2594 3842 consortium.

1395 3857 1508 3924 Qui
1533 3866 1741 3918 tecum.

1390 4256 1414 4285 0
1452 4246 1537 4300 Ps.
1565 4264 1679 4301 xcv.
1708 4243 1864 4318 (xcvi.
1894 4244 1976 4315 11,
2004 4245 2115 4318 13.)

1387 4318 1415 4354 ‘¹
1454 4317 1540 4374 Ps.
1567 4319 1666 4373 cix,
1696 4319 1798 4391 (cx.
1828 4315 1902 4385 3.)
