2975 5009
295 265 423 329 559

977 279 1055 328 IN
1088 275 1748 328 RECONOILIANONE
1780 278 2166 331 EchESIAE.

2693 263 2816 327 560

976 521 1070 598 In
1139 520 1760 597 Reconciliatione
1840 524 2177 598 Ecclesiae.

1020 720 1195 764 cums

263 807 286 828 ··
380 785 536 843 Dum
592 782 973 843 sanctificatus
1019 782 1180 844 fuero
1226 784 1285 841 in
1330 783 1503 855 vobiS,

301 865 655 943 congregabo
673 882 771 921 vos
798 862 870 921 de
896 860 1173 921 universis
1202 862 1403 921 terris:
1445 869 1507 921 et

300 940 595 1001 effundam
636 960 805 1019 super
836 959 933 998 vos
960 959 1164 1017 aquam
1194 941 1462 998 mundam
1487 962 1502 999 ε

302 1027 361 1077 et
388 1018 802 1078 mundabimini
828 1020 900 1079 ab
941 1018 1202 1076 omnibus
1243 1018 1504 1096 inquina-

301 1099 513 1158 mentis
545 1096 767 1168 vestris‚
796 1105 857 1156 et
883 1096 1029 1155 dabo
1053 1096 1214 1155 vobis
1240 1096 1502 1176 spiritum

305 1194 534 1234 novum.

379 1252 426 1310 I
420 1274 461 1311 π
486 1261 726 1329 tempore
755 1248 1047 1325 PasclmZi,
1078 1249 1362 1328 Alleluya.

378 1329 701 1389 Palmam

369 1406 693 1462 Benedicam
732 1406 1029 1460 Dominum
1066 1406 1128 1459 in
1166 1407 1316 1461 omni
1365 1412 1499 1461 tem-

302 1493 430 1549 pore
457 1497 468 1531 :
495 1495 703 1549 semper
725 1478 846 1532 laus
864 1477 983 1548 ejus
1006 1477 1067 1531 in
1091 1494 1182 1532 ore
1206 1494 1340 1532 meo.

384 1548 604 1608 Oratio,

383 1626 557 1697 Deus,
579 1626 673 1704 qui
695 1627 895 1685 dixisti
923 1627 1138 1685 Domus
1159 1647 1286 1686 mea
1304 1626 1505 1685 domus

301 1705 573 1764 orationis
589 1705 893 1777 vocabitur,
914 1704 1147 1763 domum
1169 1704 1336 1763 istam
1363 1725 1502 1841 {en-

302 1782 448 1840 tium
465 1783 749 1861 spurcitiis
769 1783 1208 1842 contaminatam
1225 1802 1360 1841 mun
1403 1803 1502 1842 are

300 1869 361 1920 et
403 1861 754 1920 sanctificare
796 1860 1085 1940 digneris3
1138 1870 1206 1920 ut
1248 1861 1498 1919 omnium

298 1958 496 2017 preces
535 1946 596 1998 et
622 1945 753 1998 'vota
790 1939 851 1996 in
886 1940 1009 1998 loco
1033 1938 1140 1997 hoc
1177 1940 1252 1996 ad
1292 1947 1352 1998 te
1390 1938 1504 1997 cla-

300 2017 581 2076 mantium
632 2015 945 2076 clementer
983 2017 1251 2075 exaudias
1298 2024 1361 2075 et
1402 2019 1502 2075 be-

301 2093 476 2173 nigne
501 2094 781 2172 perficias.
862 2095 975 2163 Qui
1021 2095 1163 2153 vivis
1196 2102 1255 2154 et
1296 2114 1503 2174 regnas

301 2192 430 2230 cum
460 2174 582 2230 Deo
611 2170 807 2231 Patre.

377 2249 661 2326 Epistola,
709 2248 835 2338 Ego
878 2247 1193 2322 Johannes,
1242 2249 1390 2307 sicut
1434 2251 1503 2307 in

302 2326 397 2384 die
423 2327 837 2384 Dedicatioms.

384 2402 685 2462 Gradale.⁰

372 2480 566 2534 Tollite
584 2479 786 2535 hostias
802 2485 859 2534 et
875 2479 1098 2534 introite
1114 2479 1175 2532 in
1192 2481 1334 2535 atria
1350 2479 1469 2552 ejus
1485 2500 1499 2535 ε

296 2551 517 2606 adorate
541 2550 834 2605 Dominum
858 2550 919 2603 in
942 2550 1071 2605 aula
1092 2557 1279 2606 sancta
1300 2551 1433 2623 ejus.

309 2621 372 2676 V.
445 2619 725 2677 Revelavit
744 2621 1007 2676 Dominus
1029 2622 1297 2678 condensa
1323 2642 1335 2677 :
1360 2630 1417 2677 et
1438 2621 1499 2677 in

298 2697 410 2747 tem
450 2690 502 2745 lo
526 2691 644 2762 ejus
666 2708 852 2748 omnes
876 2692 1060 2747 dicent
1080 2692 1321 2776 gloriam.

369 2764 425 2816 A
450 2762 646 2834 leluya.
698 2763 758 2817 V.
833 2762 1180 2819 Confitemini
1198 2763 1428 2819 Domino
1445 2769 1503 2819 et

295 2831 542 2888 invocate
565 2850 763 2888 nomen
787 2832 905 2905 ejus
942 2853 954 2887 z
991 2834 1324 2890 annunciate
1357 2834 1505 2889 inter

295 2909 483 2976 gentes
506 2920 666 2976 opera
688 2904 820 2975 ejus.

386 2972 706 3034 Secundum
728 2974 998 3034 Ducam.‘¹

376 3052 451 3110 In
479 3052 576 3110 illo
610 3060 889 3132 tempore,
915 3052 1083 3112 Dixit
1122 3051 1167 3112 J
1169 3072 1294 3113 esus
1333 3053 1500 3113 disci-

341 3127 446 3188 ulis
474 3131 624 3202 suis;
666 3130 809 3189 Non
850 3139 938 3190 est
975 3134 1144 3190 arbor
1184 3133 1332 3190 bona
1370 3152 1500 3210 quae

300 3149 436 3267 facit
460 3207 678 3269 fructus
703 3209 909 3282 malos;
949 3230 1135 3289 neque
1160 3213 1330 3270 arbor
1352 3210 1503 3269 mala

299 3284 508 3346 faciens
526 3285 774 3345 fructum
805 3290 1039 3347 bonum.
1122 3288 1501 3367 Unaquaeque

303 3363 456 3422 enim
484 3366 653 3423 arbor
679 3365 751 3423 de
784 3364 974 3424 fructu
1001 3386 1103 3426 suo
1127 3368 1498 3444 cognoscitur.

300 3440 507 3520 Neque
534 3442 685 3500 enim
713 3443 786 3501 de
820 3444 996 3522 spinis
1020 3443 1294 3519 colligunt
1319 3444 1498 3506 ficus:

302 3538 488 3598 neque
552 3521 626 3578 de
692 3522 836 3578 rubo
902 3520 1253 3579 vindemiant
1311 3541 1497 3580 uvam.

301 3596 492 3655 Bonus
531 3596 703 3657 homo
739 3597 812 3655 de
854 3601 1002 3656 bono
1026 3597 1291 3656 thesauro
1317 3601 1501 3658 cordis

301 3675 387 3733 sui
416 3673 634 3753 profert
655 3677 900 3734 bonum:
944 3683 1004 3733 et
1031 3674 1212 3734 malus
1237 3674 1407 3735 homo
1426 3679 1499 3738 de

302 3751 452 3812 malo
496 3752 762 3811 thesauro
808 3750 1028 3830 profert
1071 3751 1301 3811 malurn.
1402 3755 1496 3814 Ex

299 3831 648 3889 abundantia
690 3827 843 3888 enim
890 3830 1075 3888 cordis
1121 3850 1181 3888 os
1227 3830 1496 3909 loquitur.

302 3908 460 3976 Quid
501 3906 655 3965 enim
694 3906 902 3964 vocatis
945 3926 1054 3978 me,
1082 3907 1347 3981 Domine,
1376 3910 1498 3969 Do-

302 3986 455 4045 mine
479 4007 493 4044 :
523 3994 584 4043 et
604 4005 718 4042 non
738 3984 920 4044 facitis
940 4004 1066 4062 quae
1083 3986 1245 4048 dico?
1294 3988 1497 4048 Omnis

295 4140 325 4171 ⁸
360 4131 546 4186 Ezech.
573 4147 687 4213 cap.
714 4130 893 4186 xxxvi.
922 4131 1137 4255 523-22
1164 4134 1277 4208 27.)

297 4202 327 4241 b
364 4201 450 4256 Ps.
477 4218 664 4255 xxxui.
695 4202 895 4273 (xxxiv.
960 4202 999 4276 .)

300 4282 325 4311 ο
360 4271 447 4326 Ps.
468 4288 582 4327 xcv.
610 4271 770 4343 (xcvi.
793 4274 868 4347 8.)
893 4274 982 4331 Ps.
1008 4275 1192 4331 xxviii„
1216 4275 1385 4348 (xxix.
1415 4277 1492 4347 9.)

299 4343 384 4397 Ps.
414 4343 511 4399 civ.
540 4342 638 4414 (cv.
670 4344 741 4416 1.)

378 705 489 764 Aa
514 706 799 766 Missam.-
883 703 1020 781 offic

1618 705 1716 784 qui
1762 708 1921 768 venit
1965 709 2039 768 ad
2080 729 2173 768 me
2218 717 2278 770 et
2322 710 2487 771 audit
2530 731 2816 773 sermones

1623 803 1779 843 meos
1806 795 1867 845 et
1891 785 2024 847 facit
2051 807 2180 847 eos:
2223 790 2519 849 ostendam
2547 793 2710 852 vobis
2733 794 2814 851 cui

1625 861 1822 921 similis
1851 866 1967 927 sit:
2014 865 2212 923 similis
2251 876 2338 925 est
2377 867 2600 928 homini
2641 872 2812 931 aedifi-

1617 940 1772 998 canti
1813 943 2065 1016 domum,
2105 945 2201 1022 qui
2241 942 2383 1004 fodit
2428 947 2491 1004 in
2533 948 2719 1008 altum
2759 957 2813 1010 et

1615 1019 1804 1108 posuit
1845 1019 2282 1081 fundamentum
2328 1043 2504 1103 supra
2549 1036 2807 1105 petram:

1618 1098 1988 1159 inundatione
2030 1107 2222 1159 autem
2266 1101 2430 1176 facta,
2477 1104 2692 1164 illisum
2732 1115 2811 1165 est

1616 1171 1830 1235 flumen
1859 1178 2051 1236 domui
2092 1177 2194 1250 illi,
2221 1188 2281 1239 et
2308 1200 2423 1239 non
2466 1184 2661 1261 potuit
2696 1205 2810 1244 eam

1620 1271 1887 1314 movere:
1956 1256 2193 1315 fundata
2244 1259 2400 1317 enim
2456 1272 2586 1321 erat
2654 1282 2812 1342 supra

1616 1328 1846 1389 firmam
1874 1342 2117 1413 petram.

1695 1407 2101 1484 offertorium!

1690 1484 1856 1541 Oravi
1882 1488 2055 1543 Deum
2080 1506 2261 1543 meum
2280 1508 2378 1562 ego
2402 1492 2606 1549 Daniel
2631 1495 2812 1565 dicens,

1616 1558 1828 1625 exaudi,
1881 1558 2124 1629 Domine,
2175 1578 2353 1632 preces
2390 1564 2533 1617 servi
2582 1566 2669 1619 tui
2709 1585 2721 1619 z
2756 1566 2813 1619 il·

1616 1623 1829 1682 lumina
1850 1628 2041 1685 faciem
2067 1636 2218 1684 tuam
2253 1649 2414 1704 super
2448 1637 2811 1690 sanctuarium

1615 1700 1789 1777 tuum,
1852 1705 1908 1753 et
1960 1700 2222 1771 propitius
2279 1702 2505 1758 intende
2566 1707 2813 1778 populum

1615 1770 1782 1821 istum
1806 1785 1967 1841 super
1988 1786 2149 1841 quem
2173 1771 2485 1828 invocatum
2510 1783 2596 1830 est
2629 1794 2810 1832 nomen

1615 1840 1791 1908 tuum,
1819 1839 1978 1894 Deus.

1699 1912 1783 1969 Et
1816 1911 2072 1985 finiatur
2116 1912 2185 1969 in
2231 1912 2446 1973 Tracta
2475 1918 2809 1995 praecedente

1615 2012 1742 2051 cum
1770 1987 2043 2059 Alleluya,
2069 1989 2322 2061 alleluya.

1693 2068 1934 2130 Secreta.

1697 2147 1844 2205 Haec
1870 2146 2073 2219 hostia,
2097 2168 2434 2225 quaesumu8‚
2463 2151 2734 2226 Domine,
2753 2164 2804 2216 et

1615 2225 1797 2284 locum
1815 2226 1985 2284 istum
2007 2228 2078 2284 ab
2096 2227 2473 2287 immunditiis
2494 2229 2806 2309 iniquorum

1616 2304 1737 2380 (vel
1756 2312 2006 2439 patratae
2023 2303 2348 2363 offensionis
2396 2319 2717 2389 expurget3
2754 2321 2806 2370 et

1613 2401 1755 2460 supp
1781 2382 2045 2441 ’cationes
2099 2390 2319 2442 nostras
2400 2385 2452 2442 ic
2494 2395 2557 2446 et
2611 2390 2804 2467 ubique

1616 2459 1725 2518 tibi
1751 2460 1956 2518 reddat
1981 2469 2252 2539 acceptas.
2335 2462 2452 2522 Per
2483 2464 2803 2525 Dominum.

1699 2536 2080 2598 Commtmioss

1684 2614 2004 2686 Acceptabis
2038 2614 2356 2670 sacrificium
2386 2616 2642 2690 justitiae,
2675 2621 2806 2677 obla-

1612 2682 1786 2807 tssones
1808 2691 1864 2739 et
1895 2684 2203 2741 holocausta
2229 2706 2241 2740 z
2267 2703 2428 2759 super
2448 2690 2624 2746 altare
2646 2697 2804 2761 tuum,

1666 2771 1861 2810 omine.

1614 2901 1636 2955 l
1693 2826 1775 2884 In
1805 2835 2044 2906 tempore
2067 2826 2359 2901 Paschali‚
2387 2829 2664 2904 Alleluya,
2688 2831 2804 2887 alle—

1639 2919 1675 2955 u

1673 2920 2165 3032 yssostcommunio.

1695 3050 2101 3130 Percipientes‚
2141 3052 2408 3125 Domine,
2448 3071 2689 3111 munera
2722 3070 2800 3109 sa-

1613 3129 1749 3189 lutis
1783 3139 2033 3203 aeternae,
2077 3139 2137 3189 te
2174 3130 2452 3265 supplices
2494 3150 2801 3200 exoramus,

1611 3215 1677 3266 ut
1714 3207 1995 3286 templum
2032 3208 2139 3267 hoc
2175 3210 2273 3285 (ve
2333 3208 2740 3286 coemeterium)
2767 3227 2801 3280 a

1611 3288 1980 3345 barbarorum
2010 3287 2130 3363 (vel
2168 3286 2521 3366 iniquorum)
2554 3287 2798 3366 inquina-

1613 3366 1821 3423 mentis
1861 3366 2246 3437 emundatum‚
2281 3374 2379 3424 tua
2417 3365 2798 3425 benedictione

1613 3450 1840 3501 maneat
1865 3443 2296 3514 sanctificatum,
2325 3452 2386 3502 et
2424 3453 2656 3523 pectora
2680 3462 2794 3500 nos-

1613 3528 1707 3578 tra
1724 3522 1795 3579 ab
1817 3520 1971 3578 omni
1996 3521 2163 3580 sorde
2183 3523 2450 3580 vitiorum
2479 3522 2678 3592 aliena,
2697 3519 2794 3579 tibi

1612 3618 1838 3676 semper
1863 3599 2127 3658 assistant
2152 3600 2373 3659 devota.
2471 3599 2587 3661 Per
2614 3598 2794 3657 Domi-

1613 3696 1751 3734 num
1780 3686 2035 3735 nostrum
2056 3677 2099 3736 J
2102 3697 2258 3738 esum
2280 3678 2578 3740 Christum
2600 3676 2793 3738 Filium

1612 3761 1794 3813 tuum.

1710 3973 1912 4045 Finit·
1985 3975 2405 4070 Temporale.

1607 4138 1635 4176 ‘¹
1671 4156 1784 4210 cap.
1811 4138 1879 4194 vi.
1908 4139 1972 4194 G.
2001 4140 2071 4212 (v.
2098 4141 2319 4265 43-482

1606 4209 2146 4351 {¹132P1.⁰3{·1³¹53><⁴²
2323 4213 2399 4282 2³
