2975 5009
128 239 261 307 297

125 409 418 490 pontifex,
462 411 730 489 quicquid
781 412 1004 472 diabolo
1057 416 1348 488 suadente,

126 490 426 562 saeviente,
470 490 782 562 scindente,
830 499 1158 569 corruptum
1215 503 1346 566 est3

128 579 189 627 et
231 569 553 626 orationum
596 577 826 626 tuarum
866 571 1349 648 patrocinantibus

131 646 374 718 meritis,
444 666 548 724 per
601 647 810 704 divinae
881 649 1348 708 reconciliationis

129 724 378 802 gratiam
421 723 508 782 fac
548 722 807 782 homines
848 727 1137 804 proximos
1183 729 1346 789 Deo:

127 811 194 861 ut
289 803 346 859 ui
402 812 574 861 antea
620 803 681 859 in
729 803 842 861 suis
885 806 1347 882 perversitatibus

130 823 530 958 dispiicebant,
598 900 750 939 nunc
808 883 931 959 jam
998 882 1218 961 placere
1284 906 1345 945 se

130 959 384 1017 Domino
428 960 487 1015 in
537 959 769 1037 regione
808 962 1082 1032 vivorum,
1125 962 1347 1022 devicto

135 1039 342 1095 mortis
369 1058 487 1096 suae
514 1047 760 1109 auctore,
788 1039 1165 1117 gratulentur.

211 1115 356 1186 Quoe
407 1115 603 1173 Lectio
657 1137 771 1174 non
825 1118 1042 1193 leqatur
1090 1118 1344 1197 episcopo

134 1195 370 1250 absente.

206 1271 423 1328 Finita
458 1270 736 1343 Lectione,
775 1273 1022 1350 incipiat
1061 1274 1345 1352 episcopus

133 1348 551 1425 Antiphonam,
573 1355 786 1426 Venite,
808 1355 1002 1420 venite,
1023 1351 1182 1428 infra
1271 1374 1343 1411 oe·

132 1426 352 1484 dictum
368 1427 590 1497 ostium,
614 1448 900 1486 conversus
928 1430 1006 1486 ad
1033 1431 1192 1488 borea
1215 1452 1300 1489 em
1319 1454 1343 1502 ;

131 1504 362 1580 siqnum
417 1504 687 1581 faciendo
744 1526 871 1563 cum
937 1528 1113 1565 manu
1178 1511 1345 1585 quasi

132 1583 399 1640 vocanda
479 1583 706 1641 Deinde
751 1584 1021 1642 diaconus
1075 1607 1140 1644 ex
1174 1596 1342 1664 parte

130 1660 547 1738 poenitentium,
615 1662 823 1720 scilicet
888 1672 1044 1721 eoetra
1119 1666 1342 1736 ostium,

133 1738 309 1809 dicat,
339 1738 661 1798 Flectamus
687 1742 932 1819 genua-³⁶
1012 1742 1192 1800 Alius
1212 1744 1343 1800 dia-

133 1837 301 1874 conus
319 1825 562 1893 exparte
582 1819 827 1895 episcopi
846 1818 1001 1876 dicat
1021 1821 1235 1879 Levate
1246 1844 1262 1893 3
1292 1830 1343 1879 et

135 1896 217 1951 ita
230 1896 352 1969 fiat
368 1895 545 1952 tribus
564 1897 794 1954 vicibus.
865 1897 967 1954 Ita
983 1907 1170 1956 tamen
1196 1900 1344 1975 quod

126 1981 252 2048 post
295 1972 525 2030 tertiam
563 1975 945 2050 repetitionem
991 1976 1343 2054 Antiphonoe

135 2072 247 2108 non
303 2051 539 2122 dicitur,
594 2052 912 2112 Flectamus
977 2075 1180 2132 genua,
1248 2056 1344 2113 sed

135 2128 336 2186 chorus
344 2137 718 2206 prosequatur
738 2139 910 2189 totam
926 2132 1340 2209 Antiphonam,

133 2214 359 2265 cantore
426 2208 744 2284 incipiente,
807 2213 932 2267 Filii
992 2214 1176 2270 audite
1235 2235 1340 2284 me,

133 2291 383 2346 timorem
422 2291 639 2346 Domini
664 2293 858 2348 docebo
881 2309 987 2347 vos.
1075 2287 1345 2347 Psalmus

134 2363 501 2422 Benedicam.
585 2363 758 2422 Totus
810 2364 1076 2422 Psalmus
1129 2366 1345 2425 dicitur

135 2463 263 2499 cum
318 2441 514 2500 Gloria
560 2442 739 2502 Patri.
824 2441 909 2500 Et
961 2451 1082 2519 post
1134 2465 1339 2503 unum-

133 2540 403 2596 quemque
432 2519 660 2578 Versum
680 2528 962 2597 repetatur
986 2521 1339 2599 Antiphona.

133 2599 299 2655 Dum
342 2596 611 2655 Psalmus
654 2599 884 2656 canitur
927 2619 963 2656 a
1006 2599 1168 2658 choro
1214 2622 1339 2660 cum

133 2675 500 2752 Antiphona,
546 2697 757 2754 semper
795 2678 1116 2735 manuatim
1151 2681 1339 2756 poeni-

129 2761 300 2811 tentes
343 2754 414 2810 ab
462 2753 655 2830 aliquo
688 2755 1006 2832 presbytero
1052 2756 1120 2814 de
1160 2758 1338 2830 chor0,

132 2831 334 2888 habitu
352 2852 466 2888 non
485 2840 716 2903 mutat0,
739 2832 1052 2890 reddantur
1068 2835 1343 2894 sacerdoti

133 2909 413 2967 executori
430 2911 601 2986 officii
620 2932 643 2981 ;
671 2919 721 2968 et
742 2911 812 2967 ab
832 2911 954 2987 ipso
974 2912 1342 2972 restituantur

135 2985 410 3046 Ecclesioe
434 2988 660 3062 qremiO.
753 2987 969 3047 Tamen
987 2990 1041 3047 si
1058 2991 1341 3068 episcopus

124 3086 374 3142 praesens
385 3064 588 3140 fuerit,
611 3066 943 3143 poenitentes
970 3088 1006 3124 a
1023 3069 1340 3146 presbytero

133 3143 450 3200 reddantur
513 3144 929 3216 archidiacono,
994 3154 1044 3202 et
1097 3147 1167 3203 ab
1219 3148 1342 3224 ipso

133 3221 452 3278 reddantur
482 3222 749 3300 episcopo,
787 3231 837 3280 et
877 3224 946 3280 ab
972 3223 1094 3300 ipso
1121 3226 1340 3282 restitu-

132 3307 310 3356 antwr
321 3299 588 3357 Ecclesiae
601 3300 830 3375 qremi0.
864 3300 1077 3372 Quibus
1098 3303 1339 3379 expletis,

124 3378 408 3457 processio
429 3398 577 3435 more
603 3378 763 3437 solito
789 3379 856 3435 in
882 3380 1109 3437 eliorum
1135 3381 1340 3440 redeat.

134 3452 368 3514 Deinde
385 3465 744 3532 prosternant
762 3478 815 3514 se
836 3478 1018 3515 omnes
1028 3479 1051 3528 ;
1080 3466 1129 3515 et
1148 3458 1343 3516 dicant

132 3532 328 3590 clerici
347 3533 413 3590 in
433 3533 592 3592 choro
613 3538 642 3577 d
667 3542 867 3611 septem
887 3535 1145 3593 Psalmos
1155 3538 1342 3613 poeni-

133 3612 389 3668 tentiales
406 3632 533 3669 cum
553 3612 746 3671 Gloria
768 3613 927 3671 Patri
949 3622 999 3671 et
1020 3614 1176 3672 Sicut
1200 3624 1338 3672 erat.

132 3687 405 3747 Sacerdos
430 3710 557 3747 vero
578 3712 705 3748 cum
730 3691 848 3747 suis
879 3691 1159 3749 ministris
1187 3692 1343 3750 dicat

125 3788 239 3845 per
292 3789 346 3825 se
400 3776 602 3844 septem
653 3769 912 3827 Psalmos
965 3790 1092 3827 cum
1146 3769 1343 3829 Gloria

130 3846 301 3903 Patri
352 3854 402 3903 et
442 3846 599 3905 Sicut
647 3858 789 3919 erat,
844 3856 895 3904 et
942 3848 1341 3925 Antiphonam

131 3931 220 3986 Ne
285 3931 639 3988 reminiscaris
694 3947 821 3985 cum
876 3935 1048 4008 Kyrie
1107 3935 1335 4007 eleyson.

124 4078 154 4108 ⁸
193 4086 312 4123 non
333 4069 536 4124 habent
559 4069 645 4123 92.
672 4068 754 4122 94.
786 4070 869 4127 98.

124 4141 154 4180 b
190 4139 612 4195 orientem—92.
647 4140 731 4194 94.
760 4141 844 4195 98.

124 4263 165 4297 ἱ·
202 4268 457 4316 oon-taam
499 4263 805 4331 poenitentes
845 4263 939 4317 ad.
956 4264 1117 4332 pedes
1164 4278 1338 4316 execu-

127 4335 267 4389 toris
292 4333 697 4403 officii—Grad.

128 4406 167 4474 †
205 4409 259 4458 et
291 4404 396 4458 haec
417 4404 600 4457 omnia
624 4405 736 4458 sine
771 4410 896 4458 nota
933 4404 1200 4471 dicuntur,
1228 4409 1340 4456 tam

124 4494 163 4529 a
206 4477 465 4530 sacerdote
498 4492 619 4529 cum
657 4477 770 4529 suis
806 4474 1066 4529 ministris
1107 4492 1265 4544 quam
1303 4491 1339 4526 a

794 256 1017 305 Fusus
1052 258 1325 317 QUINTA
1361 262 1439 308 IN
1475 262 1683 310 COENA
1712 262 2000 311 DOMINI.

2527 252 2656 314 298

1451 422 1665 477 Christe
1688 423 1916 494 eleyson.
1982 422 2153 494 Kyrie
2177 422 2406 496 eleyson.
2485 419 2658 479 Pater

1449 496 1744 572 noster.⁰†
1793 504 1923 552 ante
1976 496 2202 566 altare,a
2254 498 2397 553 sicut
2449 498 2515 556 in
2561 499 2655 558 die

1453 573 1725 631 Oinerum
1784 581 2159 649 praenotatum
2227 583 2317 631 est.
2427 576 2653 636 Deinde

1448 651 1662 726 eriqens
1688 673 1742 708 se
1761 651 2067 727 sacerdos‚†
2098 672 2382 710 conversus
2399 654 2478 710 ad
2504 655 2531 693 b
2547 676 2651 712 au·

1446 730 1674 786 stralem
1694 730 1723 767 b
1749 750 1937 787 coram
1976 730 2193 787 dextero
2234 752 2406 788 cornu
2447 732 2651 790 altaris

1446 813 1467 838 ⁶
1486 808 1607 864 sine
1629 816 1765 865 nota
1792 822 1816 849 0
1833 808 2004 864 dicat.

1518 884 1590 937 Et
1636 902 1706 939 ne
1755 901 1850 937 nos
1898 885 2121 938 inducas
2167 884 2227 937 in
2271 886 2645 941 tentationem.

1443 954 1546 1008 Sed
1573 955 1740 1009 libera
1765 972 1860 1008 nos
1883 972 1917 1008 a
1941 954 2099 1009 malo.

1516 1025 1700 1079 Salvos
1720 1025 1804 1080 fac
1828 1043 2000 1079 servos
2036 1030 2157 1078 tuos
2180 1031 2234 1079 et
2256 1026 2481 1082 ancillas
2509 1033 2645 1083 tuas.

1445 1094 1589 1148 Deus
1613 1114 1777 1161 meus,
1804 1102 2077 1167 sperantes
2100 1095 2160 1148 in
2186 1102 2253 1151 te.

1516 1165 1845 1234 Convertere,
1898 1166 2138 1235 Domine,
2189 1184 2476 1238 usquequo.
2576 1169 2647 1225 Et

1442 1236 1508 1290 de
1546 1237 1788 1291 recabilis
1812 1243 1923 1291 esto
1946 1255 2104 1308 super
2126 1254 2301 1292 servos
2323 1244 2459 1292 tuoe.

1577 1308 1676 1361 itte
1700 1309 1788 1377 eis,
1813 1308 2053 1376 Domine,
2074 1309 2338 1363 auxilium
2360 1311 2425 1364 de
2443 1316 2641 1365 sancta

1442 1377 1513 1430 Et
1537 1379 1603 1432 de
1626 1379 1753 1433 Sion
1780 1386 1929 1432 tuere
1952 1396 2054 1433 eos.

1514 1449 1735 1519 Adjuva
1782 1465 1892 1518 nOS,
1946 1449 2088 1502 Deus
2147 1449 2398 1503 salutaris
2444 1459 2638 1506 noster.

1441 1518 1514 1571 Et
1536 1525 1752 1590 propter
1773 1519 1997 1590 gloriam
2018 1518 2251 1573 nominis
2276 1524 2371 1588 tui,
2400 1520 2641 1590 Domine,

1439 1588 1609 1643 libera
1655 1607 1784 1656 nos;
1847 1596 1903 1643 et
1949 1588 2212 1659 propitius
2258 1596 2370 1644 esto
2416 1594 2644 1661 peccatis

1440 1661 1637 1714 nostris
1653 1666 1873 1742 propter
1900 1677 2093 1712 nomen
2121 1665 2294 1714 tuum.

1514 1730 1754 1799 Domine,
1781 1730 1974 1784 exaudi
1999 1728 2292 1784 orationem
2328 1747 2518 1784 meam.
2572 1732 2645 1787 Et

1438 1800 1639 1855 clamor
1662 1819 1813 1855 meus
1835 1802 1903 1855 ad
1929 1807 1982 1855 te
2006 1799 2203 1855 veniat.

1521 1873 1799 1931 Dominus
1820 1874 2119 1933 vobiscum.
2192 1872 2271 1930 Et
2291 1891 2417 1930 cum
2441 1872 2642 1951 spiritu

1441 1959 1559 2009 tu0.

1520 2030 1779 2089 Oremus.

1523 2107 1742 2166 Oratio.

1521 2187 1760 2260 Adeste,
1829 2187 2092 2257 Domine,
2148 2184 2644 2264 supplicationibus

1440 2266 1679 2336 nostris3
1728 2273 1786 2324 et
1812 2286 1922 2334 me,
1946 2266 2038 2343 qui
2071 2265 2240 2324 etiam
2262 2264 2645 2323 misericordia

1440 2352 1539 2402 tua
1564 2344 1779 2421 primus
1799 2345 2044 2422 indigeo,
2073 2343 2382 2403 clementer·
2402 2344 2639 2403 exaudi:

1440 2429 1501 2480 et
1522 2441 1689 2499 quem
1718 2443 1831 2480 non
1861 2422 2131 2482 electione
2154 2422 2346 2480 meriti
2374 2422 2469 2479 sed
2493 2423 2645 2480 dono

1437 2501 1640 2580 gratiae
1686 2511 1801 2560 tuae
1856 2501 2194 2559 constituisti
2243 2500 2426 2578 operis
2475 2500 2643 2577 hujus

1439 2579 1803 2639 ministrum:
1851 2579 1925 2636 da
1966 2579 2226 2636 fiduciam
2268 2578 2352 2637 tui
2393 2579 2643 2638 muneris

1438 2658 1797 2730 exsequendi,
1817 2665 1876 2714 et
1898 2657 2013 2734 ipse
2035 2658 2093 2714 in
2113 2667 2307 2715 nostro
2328 2657 2644 2716 ministerio

1437 2738 1585 2812 quod
1629 2745 1744 2794 tuae
1783 2736 2009 2813 pietatis
2051 2746 2138 2793 est
2177 2754 2426 2813 operare.
2527 2735 2644 2794 Per

1436 2814 1750 2874 Christum.

1518 2893 1599 2950 E't
1641 2892 1908 2950 dicantur
1960 2912 2146 2948 omnes
2201 2889 2539 2960 Orationes;
2593 2899 2643 2947 et

1439 2972 1817 3028 terminantur
1831 2970 1929 3026 sub
1947 2977 2070 3026 tono
2090 2968 2336 3026 lectionis
2349 2990 2372 3038 ,·
2393 2976 2443 3024 et
2459 2988 2643 3025 omnes

1443 3049 1735 3108 Orationes
1752 3047 2018 3105 dicantur
2033 3067 2155 3104 cum
2179 3046 2437 3104 Oremus.
2501 3044 2642 3102 Non

1439 3129 1656 3185 dicitur
1696 3125 1977 3184 Dominus
2015 3126 2314 3196 vobiscum,
2355 3123 2475 3182 nisi
2513 3132 2642 3182 ante

1430 3207 1689 3284 primam
1720 3204 2042 3263 Orationem
2068 3210 2305 3260 tantum.

1521 3285 1674 3341 Atia
1704 3282 1917 3343 Oratio·

1519 3362 1692 3435 Deus,
1722 3362 1954 3419 humani
1981 3358 2203 3438 generis
2239 3359 2638 3437 benignissime

1441 3442 1700 3500 conditor
1732 3450 1791 3499 et
1825 3438 2336 3498 misericordissime
2369 3438 2640 3496 reforma-

1440 3529 1550 3592 tor,
1594 3521 1689 3599 qui
1733 3518 2018 3576 hominem
2064 3517 2274 3575 invidia
2315 3515 2518 3574 diaboli
2566 3518 2637 3573 ab

1441 3602 1764 3659 aeternitate
1809 3596 2112 3675 dejectum,
2152 3595 2325 3654 Unici
2376 3594 2507 3653 Filii
2553 3595 2639 3652 tui

1439 3679 1709 3757 sanguine
1731 3676 2020 3735 redemisti
2045 3697 2058 3734 :
2089 3673 2309 3731 vivifica
2333 3672 2435 3731 hos
2460 3671 2638 3729 famu·

1437 3755 1522 3815 los
1585 3767 1710 3815 tuos
1762 3774 1898 3833 quos
1950 3753 2056 3811 tibi
2110 3751 2427 3810 nullatenus
2493 3749 2639 3808 mori

1439 3835 1760 3894 desideras:
1830 3842 1890 3892 et
1951 3833 2047 3910 qui
2115 3851 2227 3888 non
2293 3828 2640 3906 derelinquis

1437 3916 1646 3986 deviOS,
1700 3932 1918 3972 assume
1972 3920 2265 3969 correctos
2366 3908 2640 3967 Moveant

1438 4072 1463 4101 c
1500 4080 1611 4118 non
1634 4062 1838 4118 habent
1861 4059 1945 4114 92.
1973 4057 2056 4113 94.
2086 4057 2170 4112 98.

1436 4263 1539 4312 toto
1584 4257 1748 4311 chor-0.
1845 4255 2050 4308 Deinde
2095 4253 2263 4322 eriqat
2308 4268 2360 4304 se
2404 4250 2643 4303 sacerdos

1434 4348 1555 4383 cum
1578 4331 1692 4383 suis
1725 4327 2001 4396 ministris,
2026 4329 2074 4379 et
2107 4324 2251 4378 dicat
2282 4338 2441 4391 super
2464 4336 2640 4391 pepu-

1434 4402 1549 4454 lum
1569 4400 1798 4455 -Grad
