2975 5009
372 260 500 328 295
677 275 899 326 FERIA
933 278 1031 327 1v.

453 433 880 508 Evanyelium.⁸

461 511 541 570 Et
569 531 693 569 ecce
718 512 807 569 vir
832 510 1063 569 nomine
1081 509 1124 568 J
1125 509 1320 590 oseph,
1382 509 1437 567 ui
1460 518 1585 568 erat

379 588 628 660 decurio,
667 590 756 647 vir
792 591 967 647 bonus
995 597 1055 648 et
1088 590 1291 667 justuS‚
1324 588 1346 665 (
1391 589 1441 646 ic
1469 608 1583 645 non

379 675 739 727 consenserat
767 667 999 726 consilio
1019 675 1078 726 et
1097 668 1312 725 actibus
1340 665 1585 743 eorum,)

381 747 451 804 ab
481 745 810 804 Arimathia
835 746 1062 803 civitate
1088 745 1328 815 Judaeae,
1358 745 1455 822 qui
1484 765 1590 801 ex-

383 826 671 903 spectabat
713 832 773 882 et
820 824 834 880 i
881 845 940 882 se
986 844 1223 902 regnum
1274 824 1399 881 Dei.
1470 822 1589 880 Hic

382 903 614 961 accessit
647 902 719 960 ad
767 846 1034 972 Piiatum,
1078 910 1137 960 et
1181 902 1350 979 petiit
1388 920 1590 978 corpus

383 980 562 1040 Jesu:
610 990 670 1039 et
710 981 1027 1059 depositum
1064 979 1297 1037 involvit
1330 978 1589 1051 sindone,

385 1068 446 1118 et
471 1060 659 1137 posuit
698 1079 828 1116 eum
870 1060 928 1115 in
971 1066 1333 1117 monumento
1364 1057 1589 1130 excis03

386 1137 448 1194 in
485 1157 595 1214 quo
632 1137 883 1195 nondum
917 1136 1206 1213 quisquam
1246 1137 1460 1214 positus
1503 1139 1588 1193 fu-

388 1223 528 1274 erat.

470 1292 885 1369 offertorium.b

457 1369 702 1438 Domine,
729 1369 924 1424 exaudi
948 1367 1240 1423 orationem
1277 1384 1452 1423 meam
1488 1388 1500 1422 :
1537 1374 1593 1423 et

387 1440 588 1495 clamor
611 1458 762 1494 meus
783 1440 852 1494 ad
873 1446 924 1493 te
947 1439 1237 1511 perveniat.

401 1511 461 1565 V.
534 1510 619 1565 Ne
653 1517 860 1565 avertas
893 1509 1082 1564 faciem
1119 1516 1272 1564 tuam
1307 1527 1342 1563 a
1377 1527 1497 1563 me:
1525 1527 1594 1563 ne

388 1587 598 1637 avertas
620 1581 808 1636 faciem
835 1588 986 1635 tuam
1009 1599 1044 1635 a
1067 1598 1168 1635 me.

474 1652 710 1711 Secreta.

470 1732 717 1811 Suscipe,
740 1749 1075 1809 quaesumuS,
1098 1730 1364 1799 Domine,
1385 1749 1593 1787 munus

389 1808 658 1882 oblatum,
683 1821 740 1869 et
761 1809 1064 1888 dignanter
1089 1828 1341 1886 operare,
1362 1816 1428 1866 ut
1443 1808 1595 1885 quod

392 1888 661 1967 passionis
689 1887 825 1945 Filii
852 1887 934 1945 tui
964 1887 1199 1944 Domini
1231 1886 1412 1944 nostri
1438 1906 1593 1962 mys-

391 1968 539 2026 terio
591 1967 858 2045 gerimu8‚
899 1965 1008 2043 piis
1053 1964 1348 2024 affectibus
1401 1984 1595 2023 conse-

389 2065 645 2123 quamur.
729 2045 843 2104 Per
870 2044 1132 2102 eundem.

468 2122 766 2199 Praefatio.
835 2122 946 2190 Qui
973 2119 1249 2201 corporali
1270 2120 1514 2198 jejunio.

472 2199 853 2259 Communiw

461 2276 659 2330 Potum
696 2295 875 2331 meum
900 2293 1022 2332 cum
1048 2276 1181 2329 fletu
1213 2275 1593 2346 temperabam,

390 2347 521 2418 quia
567 2348 780 2402 elevans
826 2347 1039 2402 allisisti
1081 2363 1182 2414 me,
1228 2355 1283 2401 et
1321 2362 1418 2428 ego
1458 2346 1598 2399 sicut

388 2419 595 2473 foenum
616 2418 734 2472 arui
755 2437 766 2471 ε
793 2424 855 2472 tu
874 2424 1072 2485 autem,
1097 2416 1338 2483 Domine,
1360 2434 1420 2469 m
1441 2422 1593 2470 aeter-

390 2506 526 2541 num
550 2506 841 2560 permanes,
870 2495 932 2542 tu
956 2504 1244 2557 exsurgens
1267 2485 1598 2540 misereberis

389 2559 518 2615 Sion
547 2579 558 2612 z
584 2560 714 2630 quia
734 2560 886 2614 venit
917 2565 1129 2631 tempus
1153 2557 1438 2612 miserendi
1461 2557 1593 2627 ejus.

468 2631 939 2690 Postcommunia

471 2709 709 2789 Largire
725 2710 977 2768 sensibus
995 2706 1220 2779 nostris,
1239 2705 1596 2782 omnipotens

391 2789 564 2860 Deus,
616 2796 683 2847 ut
735 2808 839 2867 per
889 2785 1264 2864 temporalem
1315 2783 1446 2841 Filii
1510 2784 1597 2843 tui

390 2876 655 2938 mortem,
709 2886 879 2944 quam
938 2865 1211 2941 mysteria
1274 2864 1599 2921 veneranda

391 2954 694 3016 testantur,
752 2945 928 3002 vitam
977 2943 1140 3001 nobis
1192 2941 1413 3000 dedisse
1464 2961 1598 3020 per-

390 3033 623 3102 petuam
650 3023 1016 3081 confidamus·
1098 3019 1212 3079 Per
1240 3020 1502 3079 eundem.

469 3101 654 3179 Super
673 3101 968 3178 populum.

470 3179 790 3239 Humiliate
818 3178 1004 3258 capita
1029 3185 1223 3236 vestra
1249 3177 1392 3235 Deo.

473 3258 694 3317 Oratio.

471 3335 730 3413 Respice,
757 3353 1092 3412 quaesumus,
1136 3333 1398 3404 Domine,
1427 3351 1597 3409 super

392 3415 536 3473 hanc
550 3413 820 3472 familiam
847 3422 1025 3483 tuam,
1054 3431 1159 3490 pro
1178 3430 1289 3489 qua
1315 3410 1595 3468 Dominus

392 3502 587 3552 noster
632 3492 675 3552 J
677 3512 801 3551 esus
845 3489 1105 3549 Christus
1152 3508 1267 3546 non
1313 3488 1596 3547 dubitavit

392 3571 650 3630 manibus
715 3568 868 3629 tradi
921 3567 1245 3626 nocentium
1303 3576 1362 3625 et
1416 3567 1595 3624 crucis

391 3650 578 3710 subire
605 3656 974 3708 tormentum.
1059 3643 1176 3713 Qui
1202 3652 1405 3704 tecum.

499 3832 713 3905 Feria
745 3830 996 3928 quinta
1029 3840 1060 3881 <1
1082 3829 1164 3899 in
1201 3826 1419 3899 Coena
1452 3828 1596 3899 Do-

389 3959 597 4006 m'l'nl.

467 4028 773 4107 Imprimis
782 4027 897 4104 fiat
916 4024 1302 4084 reconciliatio
1314 4023 1593 4101 poeniten-

389 4109 552 4178 tium,
583 4108 682 4165 hoc
707 4104 889 4164 modo,
972 4101 1152 4161 Nona
1180 4111 1426 4175 cantata,
1468 4123 1592 4179 per-

384 4315 413 4417 :
449 4302 763 4430 gap3xxiii.
790 4301 950 4426 Ilaugae
974 4319 1022 4356 v.
1051 4299 1270 4371 50-53.)

384 4458 409 4487 e
444 4374 1033 4516 ib?⁸(3'55111‘⁰''²13)1²'
1065 4441 1177 4512 13.)

383 4518 413 4556 ‘¹
449 4517 661 4588 expleta
706 4513 1136 4570 reconciliatione
1191 4509 1595 4583 poenitentium,

1237 274 1712 325 HEBDOMADIS
1746 275 2062 324 SANc'l'AE.

2274 273 2494 322 FERIA
2523 273 2588 321 v,
2761 260 2875 323 296

1693 440 1791 508 ραι
1855 431 2200 490 excellentior
2249 430 2498 487 sacerdos
2556 430 2634 486 ad
2693 431 2873 488 ostium

1697 510 1932 568 ecclesiae
1979 509 2327 579 occidentale,
2381 508 2615 565 indutus
2662 509 2872 565 vestibus

1696 588 2127 647 sacerdotalibus
2173 587 2239 643 in
2283 607 2427 664 capa
2478 587 2658 643 serica
2706 586 2873 656 rubea,

1698 687 1826 723 cum
1841 666 2051 724 duobus
2068 665 2341 735 diaconis,
2366 664 2508 721 albis
2528 685 2654 721 cum
2674 664 2873 722 amicti·

1700 745 1797 801 bus
1825 744 2061 815 indutis,
2092 744 2290 818 absque
2314 743 2652 799 subdiacono
2688 750 2736 799 et
2772 742 2873 799 sim

1700 843 1857 880 cruce
1884 845 1901 879 :
1934 843 2043 899 per
2087 821 2336 878 medium
2379 821 2537 878 chori
2569 819 2875 896 praecedente

1700 901 1900 958 vexillo
1941 900 2168 957 cilicino
2190 921 2214 970 ;
2254 899 2474 975 sintque
2502 906 2790 975 praeserdes
2822 898 2876 954 in

1701 979 1852 1036 atrio
1898 978 2131 1035 ecclesiae
2170 977 2273 1053 qui
2309 977 2717 1034 reconciliandi
2752 984 2875 1033 sunt.

1705 1055 1790 1113 Et
1855 1056 1909 1113 si
1973 1056 2256 1133 episcopus
2322 1056 2494 1126 adest,
2554 1054 2877 1132 principalis

1701 1134 2134 1192 archidiaconus
2185 1154 2250 1191 ea:
2292 1141 2461 1211 parte
2503 1133 2878 1209 poenitentium

1699 1212 1908 1270 scilicet
1947 1220 2101 1270 extra
2142 1212 2347 1269 ostium
2386 1212 2621 1268 ecclesiae
2661 1210 2726 1268 in
2758 1231 2880 1288 capa

1701 1291 1880 1348 serica
1908 1302 1932 1330 θ
1955 1290 2097 1365 leyat
2123 1291 2266 1347 hanc
2294 1289 2595 1347 lectionem.

1783 1368 1990 1440 Adest,
2022 1369 2074 1427 Ο
2104 1368 2437 1427 venerabilis
2458 1365 2734 1446 pontifex,
2755 1375 2879 1426 tem·

1702 1466 1804 1525 pus
1852 1456 2161 1526 acceptum,
2202 1445 2324 1505 dies
2364 1445 2779 1524 propitiationis
2813 1444 2882 1502 di-

1700 1526 1849 1583 vinae
1902 1534 1960 1583 et
2011 1524 2204 1583 salutis
2244 1525 2546 1583 humanae:
2598 1544 2711 1600 qua
2754 1541 2884 1581 mors

1702 1603 1999 1662 interitum
2028 1612 2085 1662 et
2113 1603 2227 1661 vita
2253 1604 2468 1681 accepit
2507 1609 2729 1660 aeterna
2752 1601 2883 1673 prin-

1702 1681 1910 1759 cipium
1942 1704 1957 1751 ;
2026 1681 2249 1760 quando
2315 1683 2375 1739 in
2447 1681 2611 1739 vinea
2667 1678 2881 1739 Domini
2949 1749 2950 1752 Ἴ

1704 1760 1948 1820 Sabaoth
1983 1760 2060 1818 sic
2092 1779 2362 1818 novorum
2404 1758 2706 1838 palmitum
2750 1757 2887 1836 plan-
2949 1789 2950 1798 =

1701 1839 1843 1896 tatio
1868 1836 2123 1897 facienda
2141 1846 2246 1908 est,
2274 1848 2339 1896 ut
2366 1846 2644 1915 purgetur
2664 1855 2886 1896 excaeca-

1702 1918 1785 1975 tio
1806 1917 2118 1975 vetustatis
2187 1916 2458 1983 Quamvis
2474 1916 2628 1974 enim
2646 1936 2682 1972 a
2695 1913 2887 1973 divitiis

1704 1995 1973 2054 bonitatis
2028 1995 2134 2053 Dei
2187 1995 2333 2052 nihil
2384 1995 2661 2073 temporis
2707 2001 2887 2062 vace-t3

1704 2093 1856 2131 nunc
1872 2082 2064 2131 tamen
2081 2083 2140 2131 et
2155 2072 2363 2151 largior
2382 2082 2471 2131 est
2489 2093 2592 2151 per
2609 2071 2888 2150 indulgen-

1704 2151 1845 2210 tiam
1873 2151 2129 2210 remissio
2154 2159 2528 2230 peccatorum,
2555 2159 2618 2209 et
2637 2148 2890 2229 copiosior

1704 2250 1810 2309 per
1847 2230 2087 2308 gratiam
2129 2230 2435 2308 assumptio
2474 2229 2887 2287 renascentium.

1708 2309 2011 2385 Augemur
2038 2308 2467 2387 regenerandis3
2496 2306 2800 2365 crescimus
2816 2325 2893 2364 re·

1706 2387 1897 2446 versiS.
1957 2387 2179 2445 Lavant
2198 2406 2358 2465 aquae
2374 2408 2390 2457 3
2413 2385 2603 2443 lavant
2618 2384 2888 2463 lacrymae.

1708 2463 1856 2524 Inde
1884 2475 1971 2524 est
1996 2465 2263 2543 gaudium
2300 2464 2371 2522 de
2403 2464 2790 2541 assumptione
2814 2481 2890 2519 vo-

1705 2551 1995 2614 catorum;
2038 2543 2172 2601 hinc
2211 2541 2411 2602 laetitia
2447 2543 2519 2600 de
2557 2541 2891 2600 absolutione

1704 2622 2123 2700 poenitentium.
2191 2620 2339 2680 Inde
2359 2628 2446 2680 est
2464 2622 2615 2700 quod
2636 2619 2892 2699 supplices
2947 2693 2948 2696 Ἴ

1705 2701 1791 2757 tui
1813 2709 2171 2778 posteaquam
2192 2701 2252 2758 in
2280 2699 2463 2758 varias
2491 2701 2705 2758 formas
2728 2698 2892 2758 crimi-
2947 2707 2948 2710 ’

1704 2796 1843 2836 num
1866 2777 2127 2857 neglectu
2162 2778 2558 2836 mandatorum
2600 2776 2893 2837 coelestium

1706 2865 1767 2915 et
1793 2875 2016 2915 morum
2044 2856 2421 2936 probabilium
2463 2856 2895 2935 transgressione

1705 2936 2045 3007 ceciderunt,
2096 2935 2379 2994 humiliati
2425 2943 2598 3014 atque
2640 2933 2894 3013 prostrati

1706 3012 2039 3092 prophetica
2078 3014 2150 3071 ad
2217 3015 2404 3072 Deum
2459 3034 2591 3073 voce
2643 3013 2896 3082 clamant,

1706 3092 1995 3162 dicentes;
2066 3092 2424 3151 Peccavimus
2476 3112 2605 3150 cum
2653 3092 2898 3170 patribus

1706 3171 1931 3240 nostris,
1987 3169 2197 3248 injuste
2249 3170 2482 3248 egimuS,
2549 3170 2897 3247 iniquitatem

1706 3247 1966 3320 fecimus3
2009 3250 2280 3307 miserere
2301 3250 2501 3319 nostri,
2525 3249 2799 3320 Domine,
2821 3267 2899 3305 vo-

1706 3346 1827 3385 cem
1847 3326 2224 3405 evangelicam
2247 3346 2361 3384 non
2389 3326 2757 3385 frustratoria
2781 3345 2900 3385 anre

1706 3405 2025 3482 capientes;
2069 3405 2220 3464 beati
2247 3405 2345 3481 qui
2383 3404 2441 3462 lu
2482 3413 2603 3476 ent,
2644 3406 2900 3483 quoniam

1705 3482 1810 3573 ipsi
1851 3483 2303 3542 consolabuntur.
2471 3484 2901 3552 anducaverunt,

1704 3569 1847 3619 s1cut
1864 3563 2134 3640 scriptum
2152 3571 2254 3632 est,
2273 3582 2480 3640 panem
2490 3560 2720 3634 doloriS,
2739 3561 2904 3638 lacry-
2945 3569 2946 3620 ὲ

1705 3640 1812 3697 mis
1829 3649 2070 3698 stratum
2091 3640 2433 3718 rigaverunt,
2444 3659 2542 3697 cor
2560 3661 2727 3699 suum
2748 3639 2902 3711 luctu,
2945 3667 2946 3678 ¹

1704 3737 1905 3797 corpus
1913 3719 2144 3796 jejuniis
2152 3718 2499 3788 afflixerunt,
2517 3729 2584 3776 ut
2599 3719 2903 3777 animarum

1704 3798 2021 3875 reciperent
2063 3817 2232 3875 quam
2279 3797 2652 3874 perdiderant
2706 3798 2906 3856 sanita-

1704 3883 1842 3934 tem.
1927 3875 2178 3934 Unicum
2216 3883 2302 3933 est
2329 3874 2520 3952 itaque
2601 3876 2905 3935 oenitentiae

1704 3952 2056 4031 suffragium,
2104 3954 2255 4030 quod
2303 3961 2362 4012 et
2409 3954 2575 4032 singu
2601 3955 2645 4013 ‘s
2682 3955 2906 4032 prodest

1704 4039 1765 4090 et
1831 4031 2089 4091 omnibus
2142 4032 2202 4089 in
2254 4051 2556 4092 commune
2617 4032 2902 4090 succurrit.

1704 4108 2057 4189 Redintegra
2109 4129 2247 4188 ergo
2316 4110 2377 4167 in
2445 4111 2545 4182 eis,
2612 4109 2907 4188 apostolice

1702 4296 1885 4351 redeat
1920 4296 2177 4369 processio
2200 4296 2261 4349 in
2296 4295 2519 4350 chorum
2544 4312 2693 4350 more
2727 4294 2904 4358 solito;

1703 4367 1895 4422 deinde
1919 4374 2261 4439 prosternant
2283 4384 2340 4421 se
2358 4384 2545 4421 omnes
2562 4373 2615 4420 et
2637 4366 2908 4421 dicant.—

1704 4438 1789 4490 92.
1817 4438 1901 4491 94.
1930 4438 2013 4492 98.
2042 4438 2163 4493 vide
2187 4438 2242 4491 in
2271 4455 2314 4491 c.
2342 4438 2449 4492 297
2474 4439 2575 4492 sub
2596 4437 2789 4491 finem.

1703 4517 1727 4546 θ
1762 4508 1886 4563 alba
1909 4514 1964 4563 et
1987 4508 2122 4563 stola
2147 4508 2547 4563 indutus—26.
2574 4508 2744 4563 Grad.
2777 4541 2788 4549 ·
