2975 5009
105 282 230 356 213

102 453 325 513 fuistis:
382 461 447 512 ut
502 454 768 515 exultetis
816 467 875 514 et
915 455 1197 514 satiemini
1242 456 1312 512 ab

99 534 367 592 uberibus
394 533 789 593 consolationis
817 543 1038 595 vestrae.

169 613 505 669 Psalmua⁸

158 688 412 744 Laetatus
453 707 573 743 sum
610 689 670 743 in
712 689 798 743 his
839 706 963 760 quae
1003 690 1148 745 dicta
1185 695 1315 745 sunt

96 760 227 812 mihi
256 780 269 815 :
296 761 357 812 in
384 760 605 814 domum
632 760 851 815 Domini
869 761 1083 815 ibimus.

175 832 404 890 Oratio.
626 893 631 899 ,

192 909 460 969 Concede
536 930 876 988 quaesumus,
959 911 1312 990 omnipotens

102 988 268 1061 DeuS,
298 998 365 1047 ut
392 988 489 1066 qui
518 1010 593 1047 ex
620 990 827 1048 merito
848 999 1056 1049 nostrae
1076 991 1311 1049 actionis

98 1067 423 1146 affligimur,
440 1077 555 1125 tuae
577 1069 777 1143 gratiss
797 1069 1171 1128 consolatione
1192 1089 1311 1128 res-

101 1144 361 1221 piremus.
445 1144 559 1204 Per
587 1146 912 1205 Dominum.

166 1224 277 1281 Ad
306 1222 597 1292 G'alatas.b

196 1302 452 1374 Fratres,
526 1302 808 1394 Scriptum
882 1313 968 1364 est
1042 1306 1307 1383 quoniam

102 1379 389 1438 Abraham
415 1383 556 1440 duos
584 1382 730 1440 filios
758 1382 953 1442 habuit
977 1404 987 1440 :
1030 1404 1208 1441 unum
1234 1385 1307 1444 de

98 1458 294 1517 ancilla
322 1469 384 1518 et
408 1481 586 1517 unum
608 1461 680 1519 de
706 1462 901 1519 libera.
982 1461 1097 1521 Sed
1114 1463 1305 1540 quide

98 1538 305 1611 ancilla,
352 1538 664 1597 secundum
704 1560 929 1600 carnem
976 1549 1141 1599 natus
1181 1550 1303 1600 est:

99 1616 188 1692 qui
226 1625 419 1676 autem
460 1618 533 1676 de
575 1617 768 1689 libera,
809 1640 913 1697 per
953 1622 1304 1697 repromissi-

102 1714 278 1754 onem.
353 1695 501 1763 Quae
518 1706 653 1755 sunt
670 1718 773 1775 per
792 1697 1117 1777 allegoriam
1134 1699 1301 1758 dicta.

101 1772 239 1832 Haec
255 1775 409 1833 enim
424 1784 560 1834 sunt
574 1776 687 1833 duo
702 1784 1056 1835 testamenta.
1102 1776 1302 1836 Unum

99 1851 317 1927 quidem
347 1852 408 1910 in
436 1864 631 1913 monte
672 1855 827 1927 Sina,
869 1856 929 1913 in
969 1854 1302 1915 servitutem

99 1948 405 2006 generans:
444 1954 574 2012 quae
601 1941 689 1991 est
729 1933 925 2011 Agar:
977 1932 1114 1992 Sina
1148 1935 1301 1993 enim

102 2027 251 2068 mons
277 2019 364 2068 est
391 2012 452 2069 in
482 2011 718 2082 Arabia,
746 2014 840 2089 qui
860 2012 1191 2091 conjunctus
1218 2022 1305 2073 est

101 2085 149 2142 ei
179 2107 302 2163 quae
339 2110 491 2148 nunc
517 2097 605 2149 est
633 2089 1012 2162 Hierusalem,
1042 2098 1102 2150 et
1126 2093 1303 2151 servit

96 2183 215 2221 cum
235 2166 367 2225 filiis
384 2169 515 2227 suiS.
586 2167 697 2227 Illa
710 2178 919 2240 autem,
936 2189 1064 2247 quae
1077 2189 1300 2229 sursum

100 2251 181 2301 est
224 2245 606 2319 Hierusalem,
654 2246 832 2306 libera
883 2259 986 2320 est,
1041 2268 1169 2326 quae
1215 2258 1301 2309 est

98 2330 276 2380 mater
328 2335 538 2385 nostra.
628 2326 913 2405 Scriptum
968 2334 1055 2384 est
1107 2328 1299 2399 enim;

96 2398 331 2473 Laetare,
351 2403 575 2477 sterilis,
595 2425 721 2482 quae
739 2424 851 2463 non
873 2405 1047 2483 paris:
1068 2425 1224 2463 erum
1270 2428 1303 2465 e

94 2488 150 2537 et
175 2478 365 2553 clama,
383 2503 512 2561 quae
533 2503 645 2541 non
674 2484 949 2574 parturis:
979 2483 1109 2561 quia
1136 2505 1231 2542 mu
1255 2485 1301 2544 ti

96 2555 198 2615 filii
237 2558 501 2633 desertae,
550 2582 727 2638 magis
767 2582 935 2640 quam
983 2562 1122 2639 ejuS,
1171 2583 1298 2640 quas

94 2633 264 2695 habet
311 2639 515 2697 virum.
624 2639 749 2699 Nos
810 2648 1021 2713 autem,
1073 2640 1297 2714 fratres,

93 2717 396 2776 secundum
442 2718 600 2777 Isaac
642 2718 1026 2797 promissionis
1063 2718 1168 2777 filii
1203 2741 1300 2779 su-

94 2813 234 2851 mus.
315 2796 428 2855 Sed
483 2797 766 2874 quomodo
818 2804 956 2855 tunc
1008 2796 1143 2867 “eisf²
1195 2799 1292 2877 qui

89 2874 391 2932 secundum
433 2890 663 2936 carnem
709 2883 873 2934 natus
913 2875 1114 2947 fuerat,
1162 2898 1294 2956 per-

89 2955 424 3030 sequebatur
459 2974 608 3025 eum,
649 2954 746 3032 qui
784 2954 1088 3012 secundum
1129 2957 1297 3034 spiri-

92 3037 246 3091 tum:
298 3033 380 3090 ita
431 3042 493 3092 et
543 3054 710 3091 nunc.
795 3032 911 3092 Sed
963 3032 1098 3110 quid
1159 3034 1297 3093 dicit

94 3107 429 3189 Scriptura?
511 3111 667 3190 Ejice
694 3110 969 3180 ancillam,
1011 3120 1072 3169 et
1110 3111 1290 3169 filium

95 3187 243 3264 ejus:
266 3210 378 3246 non
400 3190 555 3248 enim
578 3190 760 3249 haeres
781 3191 893 3249 erit
909 3189 1058 3248 filius
1075 3189 1294 3248 ancillae

92 3286 216 3323 cum
243 3267 359 3326 filio
385 3267 599 3328 liberae.
681 3268 902 3346 Itaque,
929 3266 1148 3341 fratres,
1179 3289 1293 3327 non

93 3363 278 3403 sumus
328 3346 548 3405 ancillae
601 3346 725 3418 filii,
767 3347 865 3405 sed
902 3346 1134 3406 liberae:
1184 3368 1296 3425 qua

93 3421 346 3485 libertate
376 3425 636 3485 Christus
663 3445 764 3484 nos
791 3424 1068 3484 liberavit.

176 3502 474 3561 Gradale.‘¹

162 3578 399 3635 Laetatus
440 3598 560 3634 sum
597 3580 655 3633 in
693 3580 778 3634 his
819 3597 941 3663 quae
982 3580 1126 3636 dicta
1166 3587 1298 3635 sunt

92 3649 225 3703 mihi
251 3672 264 3703 ι
286 3651 357 3704 In
382 3652 603 3705 domum
630 3652 849 3705 Domini
874 3653 1088 3706 ibimus.

106 3720 166 3774 V.
234 3722 359 3776 Fiat
386 3739 494 3793 pax
530 3722 590 3775 in
615 3722 817 3777 virtute
852 3727 950 3776 tua
984 3742 995 3775 ε
1033 3727 1088 3777 et
1122 3723 1291 3777 abun-

89 3790 274 3846 dantia
289 3793 350 3846 in
374 3792 614 3847 turribus
637 3793 760 3847 tuis.

177 3863 453 3921 Tractuw

161 3939 262 4004 Qui
286 3942 568 3995 confidunt
601 3941 660 3994 in
698 3940 930 3995 Domino
964 3940 1104 3996 sicut
1139 3958 1294 3995 mons

86 4009 216 4064 Sion
248 4032 261 4064 ι
299 4028 407 4065 non
453 4012 873 4067 commovebitur
920 4013 980 4065 in
1027 4018 1289 4068 aeternum

86 4080 189 4150 qui
208 4079 414 4136 habitat
435 4082 495 4135 in
521 4082 874 4137 Hierusalem.

89 4238 119 4264 ⁸
158 4227 242 4283 Ps.
266 4231 401 4285 cxxi.
430 4230 613 4301 (cxxii.
644 4207 718 4354 12

90 4299 122 4338 ¹³
159 4315 267 4370 cap.
291 4303 359 4354 iv.
387 4301 444 4355 C.
472 4302 543 4373 (v.
570 4300 680 4353 22-
720 4301 790 4373 l.)
816 4307 871 4356 et
895 4320 942 4355 v.
975 4302 1020 4355 1.

89 4380 115 4407 c
157 4386 261 4423 non
288 4371 489 4425 habent
513 4370 598 4426 92.
625 4371 709 4427 97.
738 4372 822 4426 98.
854 4373 934 4426 15.
963 4372 1028 4427 V.

92 4440 123 4477 ὕ
166 4439 244 4494 Ps.
269 4442 404 4496 cxxi.
433 4442 612 4512 (cxxii.
642 4443 688 4509 1,
720 4444 793 4513 7.)

91 4520 118 4547 ⁶
160 4509 240 4566 Pa.
264 4513 432 4567 cxxiv.
461 4514 633 4585 (cxxv.
664 4514 710 4583 1,
738 4514 813 4585 2.)

525 4585 645 4646 14*

691 297 1047 347 DOMINICA
1097 294 1391 356 QUAR'I'A
1443 294 1901 354 QUADRAGEsl
1913 299 2055 349 ΜΔΕ.

2507 290 2638 353 214

1430 452 1488 506 V.
1563 452 1657 506 Mo
1681 449 1778 508 'tes
1813 455 1872 510 in
1908 456 2132 511 circuitu
2171 457 2326 527 ejus:
2358 465 2412 512 et
2450 460 2630 514 Domi-

1417 539 1522 577 nus
1557 524 1617 576 in
1650 542 1680 578 c
1728 527 1876 579 cuitu
1980 527 2094 598 puli
2119 530 2202 581 sui
2232 549 2242 581 ε
2268 548 2333 583 ex
2359 531 2458 584 hoc
2483 549 2629 587 nunc

1415 599 1471 647 et
1494 612 1663 665 usque
1687 597 1746 648 in
1770 543 2043 652 saeculii'm.
2471 599 2498 610 ““

1497 665 1815 726 Semelam
1840 669 1898 726 J
1890 669 2207 728 ohannem!

1496 745 1572 803 In
1601 744 1696 804 illo
1735 754 2013 825 tempore,
2052 747 2215 807 Abiit
2254 749 2426 809 Jesus
2465 759 2623 810 trans

1415 841 1572 883 mare
1604 822 1874 897 Galilaeae,
1902 828 2050 904 quod
2078 836 2163 886 est
2189 828 2534 890 Tiberiadis:
2564 843 2625 890 et

1412 904 1747 979 sequebatur
1769 925 1898 962 eum
1923 905 2229 964 multitudo
2250 928 2469 986 magna,
2491 909 2623 988 quia

1412 982 1682 1040 videbant
1706 983 1884 1061 signa,
1913 1003 2040 1060 quae
2060 985 2296 1043 faciebat
2321 1006 2488 1064 super
2514 989 2620 1059 his,

1411 1060 1508 1137 qui
1565 1060 2020 1120 infirmabantur.
2131 1064 2317 1122 Subiit
2369 1084 2506 1144 ergo
2558 1068 2619 1124 in

1411 1146 1665 1198 montem
1720 1139 1763 1198 J
1765 1160 1925 1199 esus:
1983 1149 2040 1199 et
2092 1141 2168 1199 ibi
2215 1143 2446 1202 sedebat
2491 1165 2617 1203 cum

1409 1216 1544 1274 disci
1588 1216 1694 1274 ulis
1716 1220 1845 1276 suis,
1928 1219 2071 1278 Erat
2086 1228 2274 1279 autem
2292 1221 2616 1300 proximum

1411 1238 1647 1367 Pasclia,
1676 1296 1795 1356 dies
1834 1296 2007 1357 festus
2033 1297 2389 1357 Judaeorum.
2473 1301 2617 1360 Cum

1408 1372 1748 1433 sublevasset
1775 1396 1909 1453 ergo
1937 1375 2118 1435 oculos
2146 1378 2189 1435 J
2192 1398 2331 1449 esus,
2362 1387 2421 1437 et
2448 1380 2617 1437 vidis-

1406 1459 1495 1509 set
1536 1454 1665 1529 quia
1699 1453 2006 1513 multitudo
2044 1455 2297 1512 maxima
2335 1457 2491 1515 venit
2542 1460 2614 1515 ad

1406 1550 1556 1602 eum,
1583 1531 1733 1590 dixit
1758 1532 1830 1588 ad
1853 1530 2179 1610 Philippum
2202 1554 2218 1604 ;
2263 1533 2438 1593 Unde
2466 1556 2617 1594 eme-

1406 1628 1529 1666 mus
1576 1629 1768 1686 paneS,
1814 1618 1880 1668 ut
1919 1611 2263 1669 manducent
2303 1610 2405 1671 hi?
2485 1615 2618 1672 Hoc

1403 1698 1594 1748 autem
1621 1687 1843 1746 dicebat
1867 1696 2095 1746 tentans
2122 1709 2250 1746 eum
2275 1711 2288 1747 ε
2318 1690 2436 1767 ipse
2461 1693 2614 1749 enirn

1401 1766 1615 1825 sciebat
1629 1766 1766 1843 quid
1788 1774 1934 1825 esset
1951 1766 2217 1824 facturuS.
2300 1767 2619 1847 Respondit

1404 1844 1456 1901 'ei
1485 1843 1814 1923 Philippus;
1844 1847 2227 1904 Ducentorum
2255 1847 2615 1905 denariorum

1404 1942 1580 1999 panes
1612 1943 1727 1980 non
1764 1922 2052 1982 sufficiunt
2077 1923 2178 1993 eiS,
2217 1932 2282 1983 ut
2322 1926 2613 2003 unusquis-

1403 2020 1515 2077 que
1542 2002 1823 2060 modicum
1891 2002 1990 2059 uid
2029 2002 2282 2081 accipiat.
2366 2005 2531 2062 Dixit
2560 2006 2615 2064 ei

1402 2100 1546 2137 unus
1574 2100 1646 2138 ex
1673 2080 1885 2156 discipu
1909 2081 1954 2138 is
1981 2080 2119 2158 ejus»,
2143 2081 2409 2140 Andreas
2437 2082 2615 2142 frater

1404 2157 1653 2217 Simonis
1681 2159 1842 2217 Petri
1866 2179 1877 2216 :
1909 2159 2015 2217 Est
2043 2180 2182 2237 puer
2208 2181 2353 2219 unus
2382 2161 2489 2233 hic,
2518 2163 2615 2238 qui

1402 2234 1577 2296 habet
1621 2237 1868 2315 quinque
1921 2257 2094 2316 panes
2147 2237 2500 2311 herdensem,
2555 2249 2616 2299 et

1401 2314 1541 2372 duos
1568 2316 1775 2393 pisces:
1821 2317 1919 2374 sed
1955 2315 2078 2374 haec
2115 2317 2252 2394 quid
2291 2326 2425 2376 sunt
2463 2319 2619 2377 inter

1401 2396 1635 2453 tantos?
1744 2393 1914 2452 Dixit
1966 2415 2101 2473 ergo
2154 2394 2197 2453 J
2200 2416 2322 2454 esus
2352 2419 2366 2467 ;
2423 2397 2620 2456 Facite
2697 2398 2703 2406 ’

1404 2471 1659 2532 homines
1679 2473 2067 2531 *discumbera
2148 2471 2291 2532 Erat
2333 2485 2361 2523 8
2378 2483 2565 2533 autem
2588 2483 2616 2516 Β

1403 2548 1616 2608 foenum
1635 2549 1876 2609 multum
1893 2550 1953 2607 in
1974 2550 2111 2609 loce.
2195 2552 2614 2612 Discubuerunt

1403 2647 1540 2706 ergo
1566 2629 1691 2701 viri,
1721 2648 1956 2686 numero
1978 2629 2134 2706 quasi
2154 2630 2398 2708 quinque
2416 2630 2609 2690 millia.

1400 2706 1638 2783 Accepit
1691 2726 1825 2785 ergo
1877 2706 1920 2763 J
1921 2726 2045 2764 esus
2106 2728 2312 2785 panes;
2371 2715 2429 2767 et
2483 2730 2610 2767 cum

1399 2786 1610 2861 gratias
1651 2785 1872 2863 egisset,
1914 2784 2205 2843 distribuit
2257 2786 2612 2845 discumben-

1399 2862 1581 2921 tibus:
1610 2861 1871 2921 similiter
1898 2869 1957 2921 et
1983 2882 2055 2920 ex
2074 2863 2313 2941 piscibus
2340 2872 2612 2939 quantum

1399 2941 1681 3000 volebant.
1740 2940 1830 2999 Ut
1846 2949 2034 2998 autem
2053 2940 2272 3018 impleti
2294 2948 2443 3014 sunt,
2462 2941 2611 3000 dixit

1397 3018 1684 3098 discipulis
1736 3019 1883 3090 suis;
1940 3017 2200 3098 Colligite
2242 3038 2368 3096 qnae
2411 3039 2610 3098 super-

1397 3106 1638 3157 averunt
1656 3097 1992 3176 fragmenta,
2014 3118 2088 3156 ne
2109 3106 2362 3175 pereant.
2425 3097 2609 3157 Colle-

1398 3184 1608 3254 gerunt
1633 3196 1786 3255 erge,
1815 3183 1875 3234 et
1900 3174 2278 3253 impleverunt
2313 3175 2609 3235 duodecim

1398 3254 1666 3332 cophinos
1726 3253 1812 3311 fra
1852 3261 2172 3312 mentorum
2228 3273 2304 3311 ex
2362 3253 2610 3332 quinque

1437 3334 1636 3390 anibus
1683 3273 2004 3390 horcfeaceis
2039 3352 2166 3411 quse
2210 3333 2607 3410 superfuerunt

1397 3353 1487 3470 Eis
1504 3411 1600 3489 qui
1618 3410 2110 3470 manducaverant.
2157 3408 2251 3467 Illi
2271 3430 2404 3489 ergo
2426 3410 2609 3468 homi-

1400 3509 1500 3548 nes
1516 3510 1643 3547 cum
1672 3489 1945 3547 vidissent
1971 3490 2119 3566 quod
2147 3487 2176 3525 ¹¹
2196 3488 2240 3545 J
2242 3508 2365 3547 esus
2392 3488 2422 3526 ¹¹
2465 3490 2607 3549 fece-

1398 3576 1488 3627 rat
1509 3569 1729 3646 signum
1748 3568 2011 3625 dicebant
2034 3591 2048 3626 ε
2082 3567 2232 3635 Quia
2257 3566 2348 3624 hic
2369 3575 2455 3626 est
2479 3589 2606 3628 vere

1399 3647 1695 3783 prffheta,
1717 3645 1813 3723 qui
1835 3654 2103 3704 venturus
2125 3645 2287 3705 estin
2312 3648 2603 3703 mundum.

1521 3720 1885 3800 ffeotoriumJ

1467 3803 1709 3856 Laudate
1733 3800 2023 3854 Dominum
2049 3800 2177 3871 quia
2199 3799 2465 3870 benignus
2488 3805 2569 3853 est
2595 3821 2607 3854 ε

1394 3873 1609 3944 psallite
1657 3873 1865 3926 nomini
1915 3872 1963 3943 ej
1973 3889 2033 3925 us
2067 3871 2321 3941 quoniam
2360 3865 2608 3923 Jsuavisl
2619 3905 2640 3914 ῃ

1393 3951 1488 4013 est,
1510 3943 1693 3997 omnia
1714 3960 2049 4014 quaecunque
2068 3942 2237 3997 voluit
2254 3939 2380 3995 fecit
2396 3940 2455 3992 in
2474 3941 2606 3995 coelo

1392 4020 1448 4069 et
1470 4015 1532 4068 in
1558 4020 1712 4068 terra.

1391 4229 1413 4267 f
1444 4246 1558 4299 cap.
1586 4227 1655 4282 vi.
1685 4227 1755 4280 A.
1785 4227 1856 4298 (v.
1888 4226 2072 4297 1-14.)

1391 4311 1419 4348 s
1454 4297 1783 4354 enim—92.
1814 4298 1896 4352 97.
1929 4299 2012 4350 98.

1390 4372 1419 4410 1¹
1458 4386 1567 4423 non
1596 4369 1800 4423 habent
1821 4367 1905 4421 92.
1936 4367 2020 4422 97.
2049 4366 2132 4420 98.
2163 4368 2257 4422 4L.
2287 4370 2353 4425 V.

1390 4443 1403 4478 ἰ
1444 4441 1531 4494 Ps.
1562 4438 1773 4493 cxxxiv.
1806 4439 2018 4507 (cxxxv.
2055 4437 2103 4504 3,
2133 4439 2208 4508 6.)

1384 4515 1402 4560 ,ἰ
1441 4513 1517 4565 sic
1542 4510 1626 4562 26.
1659 4509 1745 4563 &a
1776 4508 2162 4563 suave.—55P.
2197 4509 2281 4562 57.
