2975 5009
272 215 357 280 59
1007 219 1080 280 I'N
1111 232 1237 280 ma
1270 228 1755 280 NA‘rivams
1785 227 2072 278 nomm.
2740 210 2844 278 60

271 387 449 447 cantis
495 406 695 466 paceni
726 393 745 445 ε’
797 388 1193 446 annunciantis
1249 389 1480 457 bonum,

313 466 632 524 medicantis
693 466 951 536 salutem,
1015 466 1253 524 dicentis
1324 468 1481 537 Sion,

300 544 558 623 {egnabit
607 544 763 603 Deus
804 546 971 603 tuus!
1056 544 1193 603 Vox
1233 543 1482 622 specula-

273 631 460 681 torum
527 631 756 681 tuorum
787 645 801 682 z
873 621 1202 681 levaverunt
1267 642 1479 695 vocem,

272 700 442 759 simul
481 700 829 760 laudabunt:
886 701 1020 777 quia
1059 700 1215 758 oculo
1253 702 1325 758 ad
1353 722 1480 759 ocu-

273 778 391 837 lum
421 779 692 838 videbunt
732 800 856 837 cum
899 779 1243 837 converterit
1282 778 1483 837 Domi-

274 877 379 916 nus
409 858 561 917 Sion.
667 857 926 916 Gaudete
954 870 1015 916 et
1040 857 1266 916 laudate
1293 855 1479 930 simul,

275 937 501 995 deserta
547 935 947 995 Hierusalem:
1003 936 1132 1013 quia
1170 933 1482 994 consolatus

276 1023 364 1073 est
390 1013 669 1072 Dominus
708 1013 978 1092 populum
1018 1034 1199 1084 suum,
1235 1014 1481 1073 redemit

277 1092 658 1151 Hierusalem.
759 1092 988 1151 Paravit
1030 1092 1307 1150 Dominus
1354 1093 1483 1150 bra-

276 1170 466 1228 chium
494 1179 747 1228 sanctum
776 1170 1017 1228 suumin
1041 1169 1209 1228 oculis
1230 1169 1479 1227 omnium

279 1250 590 1308 Gentium:
647 1257 705 1306 et
758 1247 1032 1307 videbunt
1086 1267 1282 1307 omnes
1334 1248 1481 1308 fines

275 1336 448 1385 terrae
475 1326 715 1385 salutare
743 1326 856 1385 Dei
884 1326 1124 1385 nostri*

352 1406 546 1462 Lectio
577 1405 849 1481 Epistoloe
877 1405 1022 1463 beati
1062 1402 1248 1462 Pauli
1290 1404 1348 1460 A
1345 1426 1476 1483 pos-

276 1484 379 1541 toli
394 1507 412 1541 .·
439 1483 517 1541 ad
542 1484 853 1541 Heb‘rceosst³⁵

340 1563 588 1634 FratreS‚
611 1561 962 1620 Multisarieb
983 1560 1281 1638 multisque
1299 1561 1479 1620 modis

275 1640 408 1698 olim
464 1642 619 1700 Deus
665 1641 899 1718 loquens
945 1642 1197 1717 patribus
1245 1639 1303 1696 in
1347 1660 1477 1717 pro·

273 1718 479 1798 phetis,
527 1719 822 1777 novissime
870 1719 1064 1777 diebus
1101 1718 1228 1776 istis
1263 1716 1478 1775 locutus

275 1807 362 1856 est
414 1799 573 1856 nobis
628 1797 687 1854 in
743 1797 910 1868 Filio,
963 1817 1130 1874 quem
1185 1796 1481 1855 constituit

273 1876 562 1935 haeredem
585 1875 991 1945 universorum,
1019 1895 1123 1952 per
1149 1894 1317 1950 quem
1345 1873 1478 1932 fecit

275 1963 334 2014 et
355 1955 589 2015 saecula:
618 1954 861 2030 quicum
878 1954 952 2011 sit
979 1952 1244 2030 splendor
1262 1951 1476 2030 gloriae,

276 2043 334 2092 et
362 2033 546 2112 figura
585 2031 914 2090 substantiae
955 2032 1092 2108 ejrm,
1134 2039 1476 2107 portansque

276 2114 468 2170 omnia
487 2113 658 2170 verbo
681 2110 905 2170 virtutis
927 2128 1058 2180 suae,
1081 2129 1189 2186 pur
1227 2108 1475 2166 ationem

273 2198 627 2268 peccatorum
648 2187 871 2258 faciens,
894 2188 1053 2246 sedet
1079 2186 1150 2245 ad
1177 2186 1184 2192 ’
1221 2195 1475 2245 exteram

275 2268 586 2346 majestatis
632 2266 690 2323 in
739 2264 1005 2325 excelsis:
1060 2273 1224 2323 tanto
1277 2264 1476 2323 melior

273 2347 489 2424 angelis
546 2345 797 2416 effectus,
856 2352 1067 2422 quanto
1122 2340 1474 2402 differentius

272 2445 395 2502 prae
448 2424 560 2482 illis
627 2422 834 2482 nomen
902 2421 1276 2481 haereditavit.
1371 2421 1475 2481 Cui

273 2502 427 2561 enim
514 2501 664 2560 dixit
744 2500 1042 2579 aliquando
1125 2499 1474 2580 angelorum.

273 2581 450 2640 Filius
477 2599 638 2639 meus
666 2600 724 2639 es
751 2588 834 2650 tu,
858 2600 961 2658 ego
989 2578 1156 2637 hodie
1176 2579 1345 2656 genui
1372 2580 1475 2639 te?

273 2660 354 2718 Et
393 2680 636 2730 rursum,
666 2659 790 2736 Ego
819 2678 916 2716 ero
943 2657 1025 2714 illi
1058 2658 1118 2714 in
1147 2666 1389 2736 patrem,
1418 2665 1477 2715 et

272 2738 393 2815 ipse
434 2738 546 2797 erit
589 2735 729 2793 mihi
772 2736 832 2793 in
880 2733 1108 2795 filium?
1191 2738 1308 2795 ΕΗ
1348 2756 1474 2794 cum

273 2816 523 2875 iterum⁰
575 2814 882 2873 introducit
927 2815 1111 2892 primo
1152 2815 1368 2873 enitum
1414 2814 1474 2871 in

271 2897 466 2954 orbem
515 2904 706 2964 terrae,
746 2893 901 2965 dicit,
943 2894 1021 2952 Et
1140 2901 1304 2953 orent
1346 2912 1473 2951 eum

272 2993 468 3032 omnes
511 2972 720 3050 Angeli
765 2972 893 3031 Dei.
976 2973 1054 3031 Et
1099 2972 1172 3030 ad
1218 2971 1475 3050 Angelos

272 3053 500 3128 quidem
540 3051 695 3123 dicit,
738 3051 849 3118 Qui
887 3049 1023 3109 facit
1062 3050 1312 3130 Angelos
1351 3070 1474 3108 suos

269 3129 519 3208 spirituS,
568 3137 627 3188 et
669 3130 956 3188 ministros
1009 3149 1135 3186 suos
1186 3129 1473 3186 flammam

270 3208 434 3286 ignis.
544 3208 643 3266 Ad·
693 3208 899 3266 Filium
954 3214 1164 3278 autem,
1212 3206 1476 3265 Thronus

269 3295 417 3357 tum,
457 3286 633 3358 Deus,
662 3286 720 3343 in
747 3285 1009 3345 saeculum
1051 3285 1272 3344 saeculi:
1319 3285 1477 3364 virga

271 3365 573 3443 aequitatiS,
614 3365 773 3441 virga
824 3363 986 3441 regni
1022 3364 1122 3421 tui.
1204 3362 1475 3422 Dilexisti

264 3444 560 3522 justitiam,
603 3450 661 3501 et
689 3442 853 3500 odisti
880 3442 1270 3518 iniquitatem:
1304 3462 1476 3520 prop-

269 3532 429 3580 terea
454 3521 623 3578 unxit
661 3528 719 3578 te
759 3520 931 3589 Beue,
969 3519 1124 3579 Deus
1163 3529 1310 3593 tuus,
1353 3520 1477 3578 oleo

271 3598 634 3658 exultationis
656 3619 776 3677 prae
795 3597 1158 3676 participibus
1178 3599 1307 3659 tuis.
1377 3599 1473 3670 Et,

267 3679 358 3737 'Pu
396 3678 456 3735 in
495 3677 791 3755 principio,
818 3676 1083 3747 Domine,
1110 3685 1323 3735 terram
1349 3675 1474 3735 fun-

268 3757 435 3829 dasti,
463 3764 524 3815 et
550 3776 720 3847 opera
760 3775 1026 3812 manuum
1073 3763 1297 3814 tuarum
1343 3765 1477 3815 sunt·

270 3834 412 3892 coeli.
497 3835 617 3912 Ips1
656 3835 941 3912 peribunt,
995 3841 1060 3891 tu
1111 3842 1302 3892 autem
1348 3854 1475 3911 per-

272 3913 542 3983 manebis,
598 3921 657 3971 et
711 3930 904 3970 omnes
957 3920 1022 3970 ut
1073 3911 1474 3971 vestimentum

272 3998 659 4050 veterascent:
702 3998 761 4048 et
795 3989 952 4048 velut
989 3991 1259 4050 amictum
1292 3998 1473 4049 muta-

269 4115 298 4216 ἰ
333 4104 891 4231 ἓιξίῢέᾒιλὲωξῖ-Ιέὶ-ἐ2
923 4175 1030 4247 ulg.

273 4258 297 4287 c
334 4248 412 4301 ita
435 4248 519 4301 26.
549 4247 635 4302 &a
664 4248 859 4301 iterum
884 4245 1164 4302 cum—34.
1194 4246 1277 4302 54.
1307 4247 1438 4301 55P.

272 4319 301 4357 ‹1
339 4319 424 4372 ΡΒ.
451 4318 607 4374 xcvii.
635 4318 832 4389 (xcviii.
863 4318 909 4389 3,
937 4317 987 4389 4,
1014 4318 1090 4390 2.)

342 4429 378 4462 ‘³‘
407 4429 524 4495 Qua
537 4430 680 4499 lecta,
696 4430 883 4499 absque
899 4429 1168 4483 intewallo
1183 4428 1477 4497 incipiatur

1549 435 1556 443 .
1597 387 1683 445 bis
1738 405 1854 456 θοε,
1908 392 1968 444 et
2022 385 2429 443 mutabuntur:
2494 392 2558 442 tu
2618 393 2838 444 autem

1597 465 1749 523 idem
1778 464 1898 541 ipse
1925 482 2001 536 eS,
2027 471 2086 522 et
2109 463 2246 520 anni
2266 463 2350 523 tui
2378 482 2493 520 non
2518 463 2833 523 deficient.

1678 540 1950 601 Gradale.

1667 619 1935 673 Viderunt
1959 634 2143 671 omnes
2165 618 2299 671 fines
2336 622 2524 672 terrae:
2573 618 2836 674 salutare

1597 690 1695 744 Dei
1722 689 1891 744 nostri
1914 708 1925 741 ε
1944 688 2179 760 jubilate
2205 688 2318 741 Deo
2341 689 2517 741 omnis
2541 695 2700 743 terra.

1610 761 1667 830 V.
1779 761 1983 813 Notum
2044 759 2170 812 fecit
2241 758 2506 813 Dominus
2570 759 2833 816 salutare

1594 848 1787 884 suum:
1832 836 1959 884 ante
1994 834 2338 899 conspectum
2372 829 2622 900 gentium
2659 848 2828 890 reve-

1595 901 1732 956 lavit
1742 899 2015 971 justitiam
2035 898 2239 953 suam.‘¹

1655 972 1929 1042 Alleluya.
1982 970 2042 1023 V.
2088 970 2214 1022 Dies
2233 969 2595 1024 sanctificatus
2620 969 2830 1025 iunxit
2937 953 2938 990 ³

1595 1043 1777 1096 nobis:
1818 1041 2012 1108 venite,
2046 1046 2244 1121 gentes,
2278 1045 2332 1094 et
2368 1041 2584 1094 adorate
2623 1041 2826 1095 Domi-

1594 1130 1743 1181 num,
1785 1112 1914 1182 quia
1952 1111 2109 1165 hodie
2151 1110 2425 1165 descendit
2467 1111 2563 1165 lux
2604 1129 2829 1185 magna

1593 1201 1752 1255 super
1775 1188 1986 1236 terram.
2217 1197 2220 1202 ·

1671 1254 1989 1331 Sequentia.

1594 1355 1648 1391 a.
1690 1331 1929 1394 Coeleste
1955 1349 2229 1409 organum
2260 1329 2428 1391 hodie
2456 1332 2646 1390 sonuit

1769 1410 1829 1467 in
1858 1417 2033 1469 terra.

1593 1490 1640 1548 b.
1691 1490 1786 1547 Ad
1813 1497 2041 1566 partum
2069 1485 2301 1563 virginis
2327 1507 2595 1565 superum

1767 1566 1973 1624 cecinit
2000 1573 2243 1623 caterva.

1592 1666 1637 1704 c.
1690 1645 1849 1713 *Quid
1878 1643 2028 1716 faciS,
2056 1642 2305 1700 humana
2328 1644 2514 1715 turba,

1768 1743 1868 1780 cur
1896 1742 2007 1780 non
2036 1721 2245 1800 gaudes
2272 1740 2399 1778 cum
2426 1741 2632 1799 supera
2654 1725 2680 1782 ἓ

1592 1823 1637 1860 c.
1697 1800 1918 1879 Vigilat
1945 1810 2236 1877 pastorum
2262 1820 2412 1870 cura,

1606 1913 1610 1918 ·
1766 1899 1877 1937 vox
1907 1877 2136 1935 auditur
2161 1876 2428 1955 angelica,

1591 1958 1648 2015 d.
1699 1963 1723 1993 e
1742 1957 2063 2018 Cantabant
2083 1965 2107 1995 e
2135 1955 2345 2031 inclyta
2370 1955 2640 2028 carmina,

1768 2035 1935 2114 plena
1963 2054 2097 2112 paee
2126 2043 2185 2092 et
2212 2033 2410 2111 gloria.

1591 2115 1648 2172 d.
1698 2110 1827 2172 ‘Ad
1853 2114 2144 2173 Christum
2161 2113 2184 2151 f
2206 2111 2461 2171 referunt
2488 2113 2742 2190 propria,

1762 2192 1922 2250 nobis
1949 2198 2157 2249 canunt
2184 2210 2257 2247 ex
2283 2190 2483 2269 gratia.

1590 2291 1635 2328 e.
1691 2270 1752 2329 N
1758 2291 1821 2329 ec
1845 2279 2172 2327 cunctorum
2201 2279 2333 2327 sunt
2359 2268 2481 2326 haec
2508 2268 2659 2326 dona
2681 2292 2699 2342 ;

1766 2350 1864 2407 sed
1893 2367 2052 2407 mens
2078 2366 2316 2424 quorum
2346 2347 2457 2405 erit
2484 2348 2648 2405 bona.

1591 2448 1636 2485 e.
1693 2426 1822 2486 Nec
1849 2434 1982 2485 sunt
2008 2424 2260 2484 absolute
2286 2426 2435 2498 data,

1765 2505 1865 2564 sed
1891 2506 2157 2563 decenter
2184 2511 2318 2562 sunt
2342 2502 2579 2594 prolata.

1572 2582 1627 2660 j:
1689 2582 1950 2642 Affectus
1977 2583 2246 2641 deserant
2271 2581 2427 2652 vit1a,
2524 2620 2529 2626 -

1767 2669 1827 2721 et
1854 2662 1931 2719 sic
1958 2660 2119 2718 nobis
2145 2680 2258 2738 pax
2284 2667 2369 2717 est
2395 2658 2511 2732 illa,

1762 2740 1896 2816 quia
1920 2741 2079 2797 bonis
2107 2746 2193 2796 est
2219 2739 2507 2815 promissa.

1574 2816 1628 2893 f.
1692 2817 1736 2877 J
1737 2826 2028 2895 unguntur
2056 2818 2270 2893 superis
2297 2824 2500 2887 terrea,

1763 2898 1834 2953 ob
1857 2895 1962 2953 hoc
1987 2894 2209 2972 quidem
2240 2894 2361 2952 laus
2389 2903 2475 2953 est
2496 2894 2713 2972 juncta,

1765 2974 1863 3032 sed
1890 2973 2159 3033 decenter
2186 2974 2256 3031 fit
2283 2972 2477 3030 divisa.

1588 3073 1641 3128 9.
1690 3051 1887 3189 Gaffle
1914 3051 2086 3110 homo
2102 3071 2228 3109 cum
2255 3050 2557 3130 perpendis

1843 3151 1915 3201 ia,

1586 3230 1640 3286 9.
1690 3208 1886 3267 Gaude
1911 3228 2039 3266 caro
2062 3205 2210 3265 facta
2238 3206 2611 3265 Verbi-socia.

1666 3294 1694 3327 ⁸
1709 3287 1824 3345 Iste
1849 3308 2035 3344 versus
2061 3294 2143 3343 ter
2168 3285 2443 3342 dicatum&

1589 3366 1642 3423 h.
1692 3365 1986 3423 Nunciant
2012 3363 2131 3441 ejus
2160 3372 2346 3421 ortum
2374 3364 2560 3422 sidera

1760 3442 1897 3501 lucis
1923 3463 2025 3521 per
2052 3440 2272 3498 indicia.

1589 3522 1642 3579 h.
1687 3521 1902 3580 Ineunt
1928 3522 2097 3578 duces
2123 3539 2359 3598 gregum
2380 3518 2594 3577 lumina

1766 3599 2109 3659 Bethlehem
2136 3617 2309 3674 usque
2338 3598 2564 3676 praevia.

1589 3679 1631 3736 i.
1681 3678 1981 3737 Invenitur
2009 3677 2140 3735 Rex
2166 3673 2429 3734 melorum

1761 3757 1914 3815 inter
1940 3754 2220 3813 animalia.

1589 3837 1632 3894 i.
1682 3834 1861 3894 Arcto
1885 3834 2041 3914 jacet
2067 3834 2127 3890 in
2154 3852 2409 3911 praesepe

1763 3913 1896 3973 Rex
1921 3912 2019 3991 qui
2043 3911 2222 3988 cingit
2247 3909 2453 3968 omnia.

1590 4116 1615 4146 θ
1650 4106 2079 4162 cantant—551³.
2116 4102 2495 4161 cantent-34.
2536 4103 2619 4157 54.
2665 4120 2792 4180 can·

1588 4178 1936 4233 tabant—26.
1965 4177 2055 4230 διο.

1587 4249 1610 4295 f.
1641 4250 1720 4303 ita
1744 4249 1828 4303 26.
1858 4249 1946 4303 διο.
1975 4244 2342 4301 Christo—34.
2372 4244 2456 4298 54.
2484 4244 2617 4299 55P.

1589 4329 1617 4367 Β
1653 4337 1762 4374 non
1788 4320 1991 4374 habent
2015 4318 2100 4372 92.
2130 4317 2214 4371 94.
2243 4315 2328 4372 97.
2356 4314 2439 4368 98.

1589 4428 2082 4499 Epistola—Grati.
