2975 5009
172 256 284 323 357

234 427 358 499 Qua
384 428 565 501 dicta,
601 427 796 486 statim
832 427 1154 506 incipiatur
1188 430 1363 488 Anti-

163 507 336 581 phona
387 527 558 584 super
603 506 941 585 Magnificat
988 509 1058 563 ab
1100 510 1359 566 excellen-

168 585 288 642 tiore
302 593 438 662 post
463 605 593 642 eum
618 587 720 661 qui
740 585 1109 656 celebraverit,
1137 587 1232 645 sed
1247 608 1361 645 non

161 671 499 737 per-cantetur
525 684 562 721 a
590 665 752 721 choro
793 672 922 721 ante
955 664 1186 722 Psalmi
1212 666 1360 723 into-

166 742 447 799 nationem.
555 740 636 800 N
627 763 700 800 on
753 742 1106 817 thurificetur
1157 744 1356 817 altare,

166 839 316 896 neque
339 821 554 878 chorus.

230 898 622 974 Antzphona.⁸

222 974 445 1046 Vespere
469 982 655 1030 autem
678 975 887 1029 sabbati
905 992 1028 1045 quae
1052 976 1272 1030 lucescit
1293 975 1353 1031 in

164 1045 595 1171 pffffffl'ffi
634 1045 787 1170 ‘³3¹²st
821 1046 1355 1171 MffiMagdffim

165 1132 188 1167 e
606 1134 660 1170 vi
700 1134 788 1171 ere
805 1135 898 1189 sep
957 1135 986 1171 c
1024 1135 1161 1172 rum.
1301 1136 1351 1173 e·

165 1185 292 1258 luya.

227 1259 507 1316 Psalmus.
589 1259 947 1338 Magnificat.

157 1368 184 1397 ὃ
212 1360 460 1418 Matthaei
482 1379 597 1434 cap.
625 1361 813 1417 xxviii.
842 1362 915 1433 (v.
945 1362 1018 1433 1.)

158 1468 188 1501 ἦ
235 1470 303 1523 In
340 1472 427 1524 die
467 1470 694 1524 Pasehae
735 1476 784 1525 et
829 1473 895 1524 ab
935 1470 1060 1524 hine
1106 1473 1350 1527 omnibus

157 1540 420 1594 dmninieis
442 1542 626 1595 diebus
647 1559 811 1612 usque
832 1543 906 1596 ad
912 1541 1118 1613 festum
1137 1542 1348 1596 Sanctae

159 1611 425 1666 fflnitatis
457 1614 523 1665 in
555 1614 852 1681 aspersione
883 1629 1040 1684 aquae
1072 1615 1350 1668 benedictae

152 1688 374 1736 curaretur
393 1682 506 1735 hcet:
528 1682 860 1752 Antiphona.

215 1752 337 1806 Vidi
370 1771 569 1823 aquam
599 1755 967 1825 egredientem-
997 1755 1065 1810 de
1087 1755 1290 1827 templo
1314 1773 1349 1811 a

152 1820 303 1879 latere
325 1823 527 1894 dextro,
554 1825 806 1897 alleluya.

214 1894 280 1948 Et
301 1910 487 1950 omnes
509 1896 580 1949 ad
618 1912 750 1966 quos

150 1964 273 2019 salvi
316 1965 445 2021 facti
492 1971 639 2021 sunt.

149 2035 382 2108 alleluya.

209 2107 469 2161 Psalmus.
539 2106 884 2162 Confitemini
906 2108 1137 2163 Domino
1155 2108 1345 2179 quoni·

147 2193 228 2229 am
249 2179 452 2232 bonus:
492 2179 748 2247 quoniam
775 2180 833 2232 in
857 2180 1114 2235 saeculum
1141 2180 1344 2234 miseri-

147 2248 310 2302 cordia
332 2249 466 2319 ejus.

209 2318 330 2373 Vidi
352 2336 570 2390 aquam.
615 2319 800 2375 Gloria
823 2320 991 2375 Patri.
1037 2320 1188 2375 Sicut
1210 2327 1340 2377 erat.

146 2385 212 2442 Et
230 2406 426 2445 omnes.

218 2460 418 2515 Versus.
494 2459 730 2517 Ostende
765 2461 932 2532 nobis,
969 2461 1212 2533 Domine,
1240 2462 1340 2516 mi-

138 2529 482 2586 sericordiam.

207 2601 442 2657 Oramus.

205 2671 414 2728 Exaudi
439 2689 552 2727 nos.

197 2742 319 2797 Post
333 2746 687 2814 aspersionem
699 2761 860 2815 aquae
875 2745 1151 2799 benedictae
1167 2746 1337 2799 eodem

137 2815 278 2867 modo
288 2815 369 2883 fit
392 2817 655 2884 processio
679 2832 783 2884 per
805 2817 987 2870 omnia
1009 2818 1147 2870 sicut
1168 2818 1230 2870 in
1252 2817 1338 2870 die

131 2881 442 2939 Natiuitatis
477 2886 714 2939 Domini.
807 2886 1035 2956 Excepto
1069 2889 1207 2958 quod
1241 2887 1342 2940 hac

129 2953 216 3007 die
234 2957 432 3010 dieitur
453 2973 630 3009 versus
654 2956 979 3010 crucifixum
1010 2959 1070 3011 in
1095 2975 1255 3012 carne
1277 2959 1340 3012 in

127 3027 346 3080 statione
378 3032 505 3080 ante
543 3043 758 3081 cmoem
833 3029 929 3081 Aa
965 3031 1337 3097 processionem

128 3099 232 3149 tres
269 3099 440 3150 ckriei
475 3098 539 3151 de
578 3099 843 3166 superiore
876 3100 1055 3168 yradu
1091 3102 1155 3154 in
1189 3100 1338 3168 capis

126 3168 301 3220 sev-1222}
317 3170 380 3222 in
396 3169 569 3222 eundo
584 3168 722 3222 hanc
736 3170 966 3222 Prosam
982 3173 1333 3241 cantantibus,

124 3240 173 3290 et
214 3244 450 3293 cantetur
478 3239 700 3308 primus
733 3257 909 3293 versus
943 3243 1009 3294 ab
1049 3243 1239 3296 eisdem
1273 3244 1337 3297 in

126 3309 295 3362 ”tedio
315 3308 461 3362 chori
481 3315 766 3380 antequam
788 3316 934 3364 exeat
951 3314 1219 3383 processio,
1244 3313 1338 3367 hoc

124 3380 275 3432 modo
292 3400 308 3431 :
357 3380 530 3450 Salve,
557 3381 692 3434 festa
724 3380 851 3435 dies.
924 3384 1183 3438 Procedat
1205 3402 1335 3452 pro-

118 3451 290 3519 cessio,
339 3451 493 3505 choro
537 3469 570 3504 r
761 3469 800 3520 e,
851 3451 1021 3509 Salve.
1130 3455 1336 3510 Deinde

117 3520 294 3574 der-ici
312 3527 514 3576 stantes
535 3522 720 3575 dicant
754 3521 973 3577 Versum
997 3524 1131 3579 Ecce
1153 3542 1332 3579 renas-

117 3592 311 3645 centis.
377 3593 454 3646 In
489 3593 765 3662 redeunde,
791 3594 1160 3663 Antiphonam
1182 3597 1335 3651 Sedit

113 3662 357 3733 angelus.
438 3663 565 3716 Tres
581 3664 752 3716 cleriei
773 3665 838 3717 de
853 3667 1118 3734 superiore
1134 3669 1329 3737 gradu,

114 3732 181 3785 in
208 3734 443 3802 pulpito,
473 3735 703 3787 conversi
736 3735 811 3788 ad
832 3737 1112 3805 populum,
1151 3738 1335 3792 dicant

125 3803 354 3858 Versum
395 3804 742 3859 crucifixum.
816 3806 892 3859 In
928 3807 1153 3861 introitu
1187 3808 1332 3862 chori

68 3936 77 3941 ἱ
111 3874 492 3944 Antiphonam
517 3874 763 3929 Christus
785 3892 1079 3948 resurgens,
1111 3878 1330 3933 Versum

108 3943 320 3998 Dicant
343 3962 509 4015 nunc,
547 3946 769 3999 Versum
798 3945 1041 4002 Surrexit
1065 3948 1330 4004 Dominus

102 4016 178 4070 de
204 4016 504 4087 sepulchro,
537 4015 838 4071 Orationem
876 4018 1031 4089 Deus,
1059 4020 1154 4089 qui
1180 4021 1329 4075 hodi-

103 4103 251 4141 erna
272 4087 614 4142 die.—-Grad.

187 4236 550 4313 Antiphouoe
596 4236 694 4296 ὥσ.
743 4234 811 4295 ὗη
864 4238 958 4297 die
1016 4238 1253 4299 Paschae
1300 4264 1327 4300 e

90 4314 549 4374 Processionali.

851 1896 1030 1950 rvenit
1065 1914 1208 1967 aqua
1242 1897 1349 1951 ista

794 1975 818 2021 t
864 1967 1047 2022 dicent
1092 1968 1343 2040 alleluya,

166 4486 426 4542 Christus
440 4493 723 4571 resurgens
746 4506 814 4545 ex
830 4491 1056 4545 mortuis
1073 4491 1193 4562 jam
1213 4510 1322 4547 non

72 4557 341 4630 moritur,
365 4577 511 4616 mors
528 4560 615 4613 i111
632 4560 780 4616 ultra
797 4578 908 4618 non
928 4561 1320 4618 dominabitur:

541 4632 667 4696 23*

1048 272 1128 321 IN
1162 271 1446 322 VIGILIA
1483 271 1807 321 PASOHAE.

2563 262 2692 326 358

1559 430 1818 507 Repetita
1859 430 2200 509 Antiphona
2237 434 2392 492 dieat
2432 436 2687 493 sacerdos

1479 507 1759 567 Dominus
1786 511 2071 568 vobiscum
2101 520 2151 569 et
2177 511 2438 573 OremuS.

1560 585 1777 646 Orat‘z'O.

1554 663 1831 742 Spiritum
1860 668 2040 739 nobie,
2071 669 2333 741 Domine,
2357 678 2472 728 tuae
2498 669 2681 729 chari-

1471 744 1606 801 tatis
1672 743 1956 817 infunde;
2010 754 2076 805 ut
2128 767 2267 825 quos
2320 750 2681 808 sacramentis

1470 820 1834 881 Paschalibus
1861 825 2093 899 satiasti,
2135 834 2235 884 tua
2273 826 2440 886 facias
2505 830 2679 887 ietate

1469 903 1786 961 concordes·
1872 903 1986 962 Per
2007 903 2372 963 Dominum.b
2487 927 2525 963 n
2553 907 2678 964 uni·

1468 985 1589 1037 tate
1611 980 1915 1057 ejusdem.b

1551 1057 1629 1114 Et
1688 1059 1770 1115 sic
1824 1058 2016 1116 Missa
2070 1069 2120 1117 et
2188 1059 2441 1141 Vesperoe
2504 1063 2678 1121 simul

1453 1134 1770 1210 finiantur,
1811 1137 2026 1196 dicente
2064 1139 2321 1212 diacone,
2368 1142 2462 1202 Ite
2506 1144 2677 1201 missa

1466 1222 1571 1286 est,
1594 1235 1719 1272 cum
1746 1223 1880 1274 nota
1908 1217 1975 1274 de
2003 1217 2331 1297 Alleluya.*

1462 1353 1490 1391 b
1526 1372 1639 1410 non
1665 1357 1830 1412 habet
1850 1358 1937 1413 26.

1460 1464 1605 1532 quod
1652 1465 1800 1518 enim
1849 1464 1997 1537 vivit,
2050 1467 2185 1524 vivit
2243 1469 2369 1539 Dec,
2419 1471 2669 1544 alleluya,

1459 1533 1710 1606 alleluya.

1472 1604 1531 1658 V.
1607 1606 1805 1659 Dicant
1828 1623 1976 1662 nunc
2010 1607 2209 1679 Judaei,
2237 1612 2502 1680 quomodo
2527 1613 2668 1665 mili-

1459 1680 1540 1730 tes
1564 1676 1921 1730 custodientes
1943 1679 2286 1749 sepulchrum
2322 1683 2671 1752 perdiderunt

1457 1762 1638 1814 regem
1662 1748 1731 1801 ad
1767 1747 1963 1818 lapidis
1995 1751 2328 1832 positionem,
2357 1769 2522 1822 quare
2557 1771 2669 1807 non

1456 1819 1745 1872 servabant
1766 1824 1975 1890 petram
1992 1821 2248 1890 Justitiae3
2276 1829 2373 1876 aut
2395 1824 2668 1896 sepultum

1453 1888 1698 1957 reddant,
1725 1896 1822 1943 aut
1838 1896 2201 1962 resurgentem
2226 1894 2462 1964 adorent,
2492 1896 2668 1950 nobis·

1455 1976 1580 2012 cum
1618 1960 1868 2030 dicentes,
1910 1961 2120 2016 Chorus
2154 1966 2460 2034 respondeat
2495 1972 2559 2020 ut
2591 1984 2665 2022 se-

1454 2030 1652 2154 gvfftur,
1680 2031 1954 2102 Alleluya,
1981 2033 2231 2106 alleluya.

1549 2118 1626 2171 ve,
1652 2102 1787 2156 festa
1810 2103 1937 2171 dise,

1528 2176 1643 2225 toto
1667 2173 1987 2228 venerabilis
2009 2191 2140 2246 aev0‚

1455 2241 1575 2306 Qua
1598 2242 1742 2296 Deus
1766 2244 2039 2299 infernum

1528 2312 1671 2383 vicit,
1699 2320 1753 2367 et
1776 2322 1920 2370 astra
1945 2322 2109 2373 tenet.

1454 2382 1589 2438 Ecce
1611 2387 1939 2440 renascentis

1507 2459 1738 2509 testatur
1760 2457 1937 2527 gratia
1961 2460 2180 2530 mundo,
2210 2460 2448 2533 (mundi)

1453 2524 1654 2579 Omnia
1676 2543 1796 2580 cum
1824 2527 2057 2583 Domino

1523 2596 1665 2650 dona
1687 2597 1883 2651 redisse
1906 2613 2017 2651 suo,

1449 2665 1557 2730 Qui
1582 2667 1866 2720 crucifixus
1889 2672 2005 2721 erat

1522 2736 1665 2789 Deus
1689 2754 1806 2790 ecce
1829 2754 1924 2818 per
1946 2738 2129 2792 omnia
2152 2747 2355 2810 regnat,

1449 2806 1597 2860 Dant
1622 2807 1859 2860 Creatori
1887 2850 1897 2861 .

1519 2882 1714 2930 cuncta
1737 2882 1916 2931 creata
1937 2894 2161 2948 precem.

1447 2945 1741 3001 Sollicitam
1772 2954 1827 3002 te
1853 2949 1962 3020 (tu)
1987 2950 2147 3004 redde

1518 3018 1694 3088 fidem,
1721 3036 1916 3090 precor,
1942 3019 2088 3074 alma
2115 3025 2362 3092 potestas,

1446 3088 1628 3143 Tertia
1650 3089 1748 3142 lux
1770 3091 1944 3158 rediit,

1446 3159 2101 3285 Νξὲᾟᾶἒέθῗθὲῗὲῖῃῗῧῗθ·

1517 3301 1729 3355 tumulo
1753 3308 1851 3356 tua
1873 3303 2113 3358 membra
2136 3308 2403 3374 tegantur,

1444 3369 1529 3425 Ne
1553 3372 1787 3453 pretium
1811 3371 2001 3425 mundi

1515 3442 1646 3496 vilia
1669 3460 1798 3497 saxa
1820 3448 2084 3514 premant.

1443 3511 1742 3584 Indignum
1768 3520 1848 3567 est
1871 3514 2027 3584 cujus
2190 3562 2195 3565 .

1515 3582 1844 3637 clauduntur
1866 3591 2062 3639 cuncta
2084 3585 2303 3656 pugillo,

1445 3652 1525 3706 Ut
1548 3658 1697 3724 tegat
1720 3654 1991 3709 inclusum
2008 3725 2021 3738 ⁸

1442 3741 1648 3849 ιῑῖιῗξὲ
1662 3725 2065 3867 ᾆῗιῗῗῗιέἓέ8’

1513 3865 1730 3920 sudaria
1751 3866 1937 3936 linque
1959 3865 2252 3938 sepulchro,

1442 3934 1524 3988 Tu
1548 3936 1680 3990 satis
1702 3954 1758 3990 es
1782 3937 1949 4001 nobis,

1514 4011 1569 4060 et
1591 4007 1708 4061 sine
1732 4013 1787 4061 te
1809 4007 1951 4060 nihil
1975 4013 2069 4063 est.

1444 4075 1671 4130 Funeris
1694 4078 1970 4148 exsequias

1513 4164 1699 4217 passus
1721 4148 1849 4203 vitae
1874 4154 2059 4202 auctor
2082 4155 2137 4203 et
2162 4150 2316 4221 orbis,

1440 4215 1666 4272 Intrans
1689 4218 1877 4272 mortis
1898 4219 2016 4289 iter,

1512 4288 1691 4342 dando
1714 4289 1903 4342 salutis
1926 4306 2097 4360 opem.

1440 4356 1623 4411 Redde
1648 4364 1797 4412 tuam
1822 4359 2027 4428 faciem,

1509 4428 1730 4482 videant
1752 4435 1814 4482 ut
1838 4429 2034 4484 saecula
2057 4430 2246 4501 lucem,

1438 4496 1623 4552 Redde
1646 4498 1803 4567 diem,
1831 4516 1990 4568 quem
2022 4517 2119 4553 nos

1511 4574 1564 4622 te
1589 4567 1849 4624 moriente
1870 4569 2026 4639 fugit.
