2975 5009
174 201 263 265 25
689 220 832 270 rm:
861 220 1324 273 nnnouAnAu
1359 222 1752 272 sncunnAu
1787 225 2193 277 Anvnn‘rus.
2616 210 2702 276 26

255 374 733 434 PostcommwniO.

255 451 477 511 Refecti
511 454 636 512 cibo
668 462 802 533 potu
842 475 913 514 ue
944 453 1252 546 spiritualis
1286 454 1385 514 ali-

176 529 405 601 moniae,
425 550 488 588 su
531 530 700 609 plices
719 541 798 604 te,
888 553 1096 603 omme,
1123 534 1388 611 depreca-

176 627 342 668 mur:
383 617 451 666 ut
487 552 651 688 liujus
678 611 1105 689 participatione
1131 612 1387 687 mysterii

177 685 380 744 doceas
406 707 510 745 nos
536 697 767 747 terrena
790 690 1078 768 despicere
1105 698 1165 749 et
1198 710 1388 749 amare

177 763 444 823 coelestia.
525 766 642 825 Per
667 766 996 825 Dominum.

304 921 520 995 Feria
603 931 866 1018 quarta
942 925 1393 998 hebdomades

139 1081 145 1087 .
177 1022 501 1092 secundae
533 1023 908 1098 Advemzae.

258 1119 544 1195 Epistola.
639 1120 834 1179 Lectio
889 1121 1187 1180 Zachariae
1239 1119 1388 1180 Pro-

220 1196 405 1253 hetae.-

172 1217 220 1273 Ρ
259 1274 411 1332 Haec
475 1274 615 1335 dicit
666 1274 946 1335 Dominus
999 1277 1386 1343 exercituum:

182 1351 466 1411 Reversus
491 1373 615 1412 sum
640 1355 715 1412 ad
756 1355 912 1427 Sion,
950 1363 1008 1415 et
1039 1355 1304 1414 habitabo
1328 1357 1388 1414 in

183 1430 370 1489 medio
395 1432 754 1492 Hierusalem
777 1455 791 1492 :
847 1442 907 1493 et
933 1434 1222 1493 vocabitur
1249 1434 1393 1494 Hie-

182 1507 427 1566 rusalem
454 1509 664 1569 Civitas
693 1510 964 1585 veritatiS,
994 1520 1052 1570 et
1076 1512 1249 1570 Mons
1275 1511 1394 1571 Do-

183 1585 325 1644 mini
371 1588 738 1661 exercituum,
793 1611 955 1650 mons
997 1589 1390 1649 sanctificatus·

183 1664 333 1722 Haec
357 1665 495 1725 dicit
519 1666 797 1725 Dominus
821 1667 976 1727 Deus
1003 1668 1389 1729 exercituum:

185 1741 400 1800 Adhuc
446 1742 782 1804 habitabunt
824 1767 983 1806 senes
1040 1755 1098 1805 et
1143 1766 1282 1805 anus
1331 1746 1391 1805 in

182 1819 386 1899 plateis
412 1820 801 1883 Hierusalem:
847 1833 907 1885 et
933 1824 1041 1882 viri
1081 1824 1304 1884 baculus
1331 1826 1392 1883 in

185 1918 359 1956 manu
401 1899 520 1977 ejus
561 1921 684 1979 prae
736 1901 1097 1962 multitudine
1148 1904 1389 1962 dierum.

185 1976 267 2035 Et
282 1975 485 2055 plateae
502 1979 739 2038 civitatis
758 1980 1186 2060 complebuntur
1210 1980 1394 2039 infan-

184 2053 337 2112 tibus
383 2063 442 2113 et
486 2055 683 2134 puellis
726 2056 1051 2118 ludentibus
1090 2060 1150 2117 in
1191 2058 1392 2138 plateis

184 2134 324 2210 ejus.
392 2133 541 2193 Haec
555 2135 695 2193 dicit
710 2134 988 2195 Dominus
1005 2138 1350 2198 exercituum
1373 2159 1390 2197 :

186 2211 251 2271 Si
274 2210 506 2270 difficile
544 2213 827 2274 videbitur
857 2216 918 2273 in
959 2215 1130 2274 oculis
1168 2214 1393 2294 reliqui-

182 2308 347 2346 arum
362 2290 557 2380 populi
579 2290 745 2370 hujus
763 2292 822 2350 in
843 2292 1037 2353 diebus
1056 2293 1211 2366 illis?
1231 2315 1394 2353 num-

182 2366 323 2444 quid
360 2388 418 2425 1n
462 2368 632 2428 oculis
672 2371 810 2429 meis
849 2371 1078 2431 difficile
1104 2373 1230 2443 erit,
1257 2371 1395 2430 dicit

183 2445 466 2505 Dominus
487 2447 882 2507 exercituum.·
947 2450 1095 2510 Hsec
1119 2451 1256 2509 dicit
1275 2449 1396 2508 Do-

185 2523 376 2582 minus
403 2526 779 2585 exercituum:
795 2538 819 2567 0
873 2526 1017 2587 Ecce
1043 2548 1147 2608 ego
1172 2527 1394 2588 salvabo

185 2600 459 2680 populum
479 2625 668 2663 meum
687 2605 758 2663 de
785 2614 941 2665 terra
959 2606 1212 2679 orientiS‚
1234 2614 1294 2667 et
1319 2607 1392 2666 de

185 2688 347 2739 terra
385 2701 605 2741 occasus
651 2682 813 2757 solis;
862 2694 922 2744 et
962 2685 1233 2744 adducam
1279 2705 1390 2757 ece,

186 2767 249 2816 et
287 2757 627 2819 habitabunt
665 2760 725 2817 in
766 2763 951 2823 medio
990 2762 1389 2823 Hierusalem:

188 2843 248 2894 et
275 2845 448 2895 erunt
473 2838 615 2895 mihi
655 2839 714 2896 in
751 2840 1036 2920 populum,
1065 2850 1123 2902 et
1148 2862 1253 2921 ego
1293 2862 1392 2901 ero

187 2914 269 2972 eis
295 2914 357 2971 in
384 2916 572 2974 Deum
604 2917 665 2974 in
696 2919 936 2979 veritate
962 2928 1022 2979 et
1058 2920 1119 2979 in
1150 2920 1391 2998 justitia,

186 2992 330 3050 dicit
356 2994 635 3053 Dominus
663 2997 816 3054 omni
858 3006 1036 3057 otens.

293 3071 691 3181 qvanqelium.
817 3077 1092 3136 ecwndum
1127 3075 1390 3136 Matthae-

189 3168 306 3206 um.

269 3226 344 3284 In
372 3226 468 3285 illo
497 3237 772 3308 tempore,
801 3230 969 3290 Dixit
1006 3231 1051 3291 J
1051 3252 1176 3292 esus
1209 3232 1392 3294 turbis

187 3303 603 3366 'Judaeorum‘'
637 3316 696 3367 et
721 3310 1005 3389 discipulis
1036 3310 1164 3383 suis,
1195 3311 1391 3369 Amen

191 3383 317 3441 dico
352 3385 526 3457 vobiS,
557 3386 708 3446 inter
741 3397 902 3447 natos
942 3388 1241 3447 mulierum
1275 3409 1390 3448 non

190 3464 447 3522 surrexit
466 3466 645 3543 major
671 3466 714 3523 J
717 3464 937 3526 ohanne
964 3467 1260 3546 Baptista:
1294 3469 1391 3546 qui

189 3549 384 3601 autem
426 3543 613 3601 minor
658 3551 744 3601 est
786 3544 846 3601 in
888 3565 1066 3625 regno
1105 3545 1389 3619 coelorum,

189 3620 372 3699 major
379 3628 467 3678 est
476 3620 589 3678 illo.
632 3622 893 3681 Adiebus
908 3637 1096 3682 autem
1113 3624 1157 3682 J
1159 3624 1395 3683 ohannis

188 3698 471 3777 Baptistae
490 3717 662 3775 usque
684 3720 852 3771 nunc,
870 3722 1106 3780 regnum
1130 3701 1395 3762 coelorum

188 3776 308 3833 vim
348 3775 582 3854 patitur,
612 3785 671 3835 et
703 3778 933 3838 violenti
972 3781 1202 3859 rapiunt
1235 3780 1393 3839 illud.

192 3854 415 3914 Omnes
431 3855 584 3914 enim
614 3855 908 3934 prophetae
933 3868 993 3917 et
1007 3858 1104 3918 lex
1121 3879 1295 3938 usque
1322 3859 1396 3918 ad

186 4066 215 4096 a
251 4073 297 4112 c.
324 4056 439 4110 viii.
465 4056 537 4109 A.
566 4056 637 4127 (v.
671 4056 816 4129 3-8.)

185 4129 216 4167 b
253 4127 389 4182 dicit
412 4126 680 4181 Dominus
702 4128 1206 4189 exercituum—26.

187 4210 213 4239 θ
251 4200 401 4253 deest
424 4196 487 4280 in
511 4197 597 4250 26.

188 4271 218 4379 2
253 4267 944 4394 ῗῖἒρὶῗ1153.’ἑν7’-Ξ<1>ιῖι1.5ὁ)8.
971 4340 1056 4395 26.

189 4411 210 4450 ¹
244 4428 356 4483 cap.
384 4407 501 4462 lxii.
531 4408 587 4461 O.
618 4409 687 4479 (v.
721 4409 902 4480 6-12.)

1500 377 1543 437 J
1545 378 1827 440 ohannem
1848 380 2355 460 prophetaverunt:
2390 389 2450 441 et
2469 382 2516 440 si
2537 382 2706 441 vultis

1500 457 1771 536 recipere,
1783 458 1918 595 ‘iffie
1955 467 2043 518 est
2066 458 2287 532 HeliaS,
2306 460 2411 550 ‘qui
2437 467 2706 553 yenturus

1501 543 1607 594 est.
1687 536 1799 605 Qm
1896 539 1995 597 bet
2010 557 2172 597 aures
2191 538 2475 611 audiendi,
2491 538 2702 597 audiat.

1603 782 1815 857 Feria
1850 784 2098 861 Sexta.

1578 880 1859 957 Epistola.
1927 883 2122 941 Lectio
2147 882 2343 941 Esaiae
2373 882 2710 962 Prophetaes

1582 958 1728 1017 Haec
1771 960 1909 1020 dicit
1947 960 2225 1020 Dominus
2272 963 2464 1036 Deus;
2523 962 2706 1041 Super

1504 1057 1692 1095 muros
1728 1038 2086 1099 Hierusalem
2114 1040 2380 1099 constitui
2415 1041 2702 1100 custodes:

1503 1124 1626 1173 tota
1648 1116 1741 1175 die
1763 1124 1864 1175 et‘
1894 1124 2059 1177 tota⁸
2091 1126 2255 1177 nocte
2281 1120 2340 1176 in
2368 1126 2704 1210 perpetuum

1504 1213 1616 1251 non
1681 1196 1967 1254 tacebunt.
2091 1196 2209 1265 Qui
2281 1197 2707 1257 reminiscimini

1504 1271 1753 1344 Domini,
1790 1294 1864 1333 ne
1890 1274 2140 1346 taceatis,
2162 1283 2223 1334 et
2248 1296 2321 1336 ne
2359 1276 2508 1334 detis
2535 1274 2704 1334 silen-

1506 1348 1651 1407 tium
1706 1350 1778 1422 ei,
1836 1353 2015 1411 donec
2066 1352 2333 1427 stabiliat,
2402 1362 2463 1413 et
2526 1354 2706 1413 donec

1506 1435 1681 1563 Sonat
1733 1430 2093 1489 Hierusalem
2147 1430 2371 1491 laudem
2424 1433 2485 1490 in
2531 1439 2704 1490 terra.

1552 1505 1735 1564 uravit
1761 1507 2039 1566 Dominus
2066 1508 2125 1566 in
2154 1509 2395 1568 dextera
2413 1529 2530 1581 sua,
2559 1518 2617 1567 et
2644 1510 2705 1567 in

1506 1582 1735 1642 brachio
1785 1582 2134 1644 fortitudinis
2178 1605 2332 1645 suae:
2389 1588 2452 1647 si
2493 1587 2707 1647 dedero

1506 1660 1757 1719 triticum
1812 1671 1972 1721 tuum
2026 1663 2178 1723 ultra
2229 1665 2414 1723 cibum
2467 1664 2707 1724 inimicis

1504 1738 1654 1798 tuis:
1711 1747 1770 1799 et
1820 1739 1867 1799 si
1925 1741 2175 1801 biberint
2220 1742 2324 1800 filii
2375 1741 2707 1820 alienigenas

1504 1816 1698 1875 vinum
1726 1827 1906 1890 tuum,
1946 1820 2008 1877 in
2045 1839 2158 1897 quo
2198 1819 2483 1879 laborasti.
2562 1821 2710 1891 Quia

1505 1895 1604 1972 qui
1642 1916 1815 1977 congr
1918 1899 2062 1956 bunt
2105 1898 2245 1957 illud
2297 1900 2612 1973 comedent,
2649 1906 2710 1959 et

1502 1972 1811 2033 laudabunt
1930 1976 2186 2037 minum:
2226 1985 2290 2037 et
2329 1977 2427 2055 qui
2452 1997 2705 2056 compor-

1504 2059 1632 2110 tant
1654 2051 1795 2111 illud
1820 2054 2017 2114 bibent
2042 2057 2102 2113 in
2127 2056 2287 2114 atriis
2318 2056 2523 2118 sanctis
2549 2056 2707 2114 meis.

1504 2129 1533 2162 ¹²
1551 2131 1863 2206 Transite,¹²
1899 2135 2141 2193 transite
2218 2155 2284 2193 er
2320 2142 2530 2213 portae,
2563 2154 2709 2212 prae-

1508 2217 1704 2286 parate
1731 2211 1877 2268 viam
1897 2210 2121 2289 populo,
2141 2233 2180 2292 p
2275 2233 2371 2270 um
2390 2210 2557 2272 facite
2578 2213 2709 2284 iter,

1509 2294 1569 2346 et
1587 2286 1659 2345 eli
1698 2288 1777 2348 ite
1802 2288 1857 2346 la
1898 2290 2033 2360 ides,
2062 2298 2122 2354 et
2139 2290 2360 2350 relevate
2385 2291 2610 2369 signum
2635 2290 2710 2348 ad

1506 2384 1657 2455 popu
1681 2386 1759 2424 os.
1882 2387 1974 2425 cce
1998 2367 2277 2427 Dominus
2299 2368 2555 2428 auditum
2580 2367 2713 2427 fecit

1509 2462 1568 2499 m
1610 2445 1882 2505 extremis
1915 2452 2108 2517 terrae,
2135 2446 2325 2506 Dicite
2358 2446 2495 2506 filiae
2531 2446 2707 2507 Sion:

1510 2520 1651 2579 Ecce
1671 2523 1913 2581 salvator
1930 2531 2059 2582 tuus
2074 2524 2256 2583 venit:
2280 2533 2339 2583 et
2355 2545 2479 2583 ecce
2496 2545 2709 2584 merces

1506 2601 1628 2675 ejus
1655 2619 1781 2658 cum
1810 2621 1896 2673 e0,
1929 2609 1989 2666 ‚et
2014 2621 2152 2681 opus
2191 2601 2341 2660 illius
2377 2623 2565 2661 coram
2592 2601 2705 2661 illo.

1506 2676 1589 2735 Et
1653 2681 1933 2737 vocabunt
1991 2700 2102 2753 eos,
2159 2680 2242 2739 Po
2285 2680 2407 2738 ulus
2465 2689 2708 2754 sanctus,

1504 2755 1787 2835 redempti
1828 2777 1864 2814 a
1903 2756 2167 2816 Domino·
2244 2702 2337 2817 liu„
2376 2767 2567 2817 autem
2613 2778 2710 2817 vo-

1504 2834 1735 2972 faberis,
1763 2834 2013 2904 Quaesita
2046 2835 2255 2909 civitas,
2284 2844 2344 2896 et
2380 2834 2445 2893 N
2447 2836 2708 2897 on-dere-

1528 2911 1657 2969 icta.

1564 2988 1960 3064 Evanyelium.
2016 2989 2335 3050 Secundum
2353 2990 2709 3049 Johannem}

1574 3066 1649 3125 In
1669 3067 1765 3125 illo
1780 3075 2055 3145 tempore,
2076 3070 2119 3127 J
2122 3068 2370 3127 ohannes
2389 3067 2705 3127 testimoni-

1504 3164 1601 3202 um
1623 3146 1959 3224 perhibebat
1977 3147 2051 3205 de
2066 3146 2331 3218 Domino,
2350 3155 2409 3207 et
2434 3146 2709 3206 clamabat

1504 3223 1718 3296 dicens;
1756 3224 1893 3284 Hio³
1921 3225 2041 3298 est,³
2068 3246 2236 3303 quem
2263 3225 2413 3298 dixi3
2450 3225 2562 3294 Qui
2581 3234 2710 3304 post

1505 3321 1597 3361 me
1633 3311 1901 3362 venturus
1928 3312 2034 3377 est,
2069 3312 2203 3364 ante
2240 3324 2334 3363 me
2370 3304 2548 3363 factus
2584 3313 2707 3364 est:

1506 3380 1638 3456 quia
1683 3380 1839 3458 prior
1886 3402 1978 3441 me
2026 3390 2165 3442 erat.
2272 3383 2352 3442 Et
2403 3383 2475 3441 de
2526 3381 2708 3461 pleni-

1505 3458 1705 3516 tudine
1756 3458 1874 3536 ejus
1929 3480 2030 3519 nos
2090 3481 2284 3519 omnes
2342 3461 2655 3539 accepimus
2680 3459 2708 3492 ¹¹

1505 3536 1748 3613 gratiam
1802 3557 1905 3614 pro
1962 3539 2163 3617 gratia.
2246 3540 2392 3607 Quia
2443 3538 2538 3597 lex
2602 3558 2706 3617 per

1507 3614 1748 3690 Moysen
1774 3617 1907 3674 data
1942 3626 2051 3689 est,
2079 3618 2261 3696 gratia
2287 3626 2346 3676 et
2370 3618 2577 3675 veritas
2601 3636 2707 3694 per

1506 3692 1549 3749 J
1551 3711 1706 3750 esum
1766 3693 2055 3754 Christum
2115 3694 2261 3753 facta
2313 3702 2416 3753 est.
2515 3695 2705 3752 Deum

1507 3788 1675 3828 nemo
1692 3770 1834 3830 vidit
1855 3793 2129 3850 unquam:
2161 3772 2506 3850 Unigenitus
2528 3771 2707 3830 Filius

1507 3849 1602 3925 qui
1631 3856 1719 3907 est
1744 3848 1805 3907 in
1831 3850 1956 3912 sinu
1984 3849 2188 3923 Patris,
2209 3848 2361 3929 ipse¹
2387 3848 2708 3910 enarrabit-¹

1511 4072 1540 4109 8
1574 4079 1677 4116 om.
1705 4063 1790 4117 98.

1513 4132 1542 4170 ¹²
1577 4133 1725 4187 deest
1748 4133 1806 4186 in
1834 4133 1916 4187 15.
1945 4135 2029 4189 26.

1507 4202 1527 4319 Ji
1563 4204 1926 4327 ffiissvq'ssw
1937 4205 2171 4329 9185-113)

1511 4343 1539 4379 κ
1577 4293 1975 4416 et-vulg,g'26.
2011 4318 2020 4330 '
2123 4318 2133 4329 ’

1510 4412 1526 4449 ¹
1562 4415 2062 4488 enarravit—vulg.
2089 4417 2173 4470 26.
2203 4418 2286 4474 57.
