2975 5009
161 211 310 275 613

1315 231 1604 284 ,GANON.

2578 214 2715 279 ,614

1208 556 1476 637 Sequitur
1509 559 1726 620 Canon.

176 717 280 778 'PE
332 717 649 795 IGI'PUR,
695 720 1136 782 clementissime
1189 723 1385 797 Pater,

176 817 281 876 per
300 797 345 855 J
346 818 505 858 esum
531 799 824 860 Christum
841 798 1051 859 Filium
1071 808 1235 860 tuum
1262 800 1385 862 Do·

178 877 398 933 minum
426 883 711 949 nostrum,
736 877 1018 957 supplices
1046 898 1313 959 rogamus

254 968 283 997 ⁸
302 975 529 1032 corpore
553 957 832 1016 inclinato
858 956 1029 1016 donec
1054 958 1262 1031 dicat,⁸

176 1050 240 1090 ac
267 1033 534 1109 petimus,

253 1110 348 1168 hic
386 1111 601 1188 eriyens
627 1134 682 1171 se
718 1118 748 1159 b
765 1112 1019 1170 sacerdos
1040 1112 1065 1145 '³
1104 1113 1378 1172 osculetur

178 1187 387 1247 Altare
414 1210 450 1247 a
477 1190 688 1248 dextris
712 1191 989 1266 sacrificii
1014 1190 1221 1264 dicens,

177 1266 262 1326 uti
289 1286 417 1326 acce
459 1276 520 1326 ta
546 1268 751 1328 habeas
779 1277 839 1328 et
865 1270 1162 1329 benedicas

253 1351 275 1378 ⁶
294 1346 387 1404 hic
436 1347 590 1405 aciat
607 1348 859 1406 sacerdos
881 1355 988 1405 tres
1008 1368 1192 1409 cruces
1206 1368 1375 1427 super

177 1422 408 1482 calicem
434 1432 485 1482 et
501 1445 732 1502 panem,
760 1424 1039 1497 dicende,⁴²

178 1499 302 1559 haec
368 1501 614 1581 doffina,
670 1503 794 1563 hese
859 1502 1196 1582 mufflnera,
1251 1503 1372 1565 haec

174 1577 447 1656 sanfficta
472 1582 745 1641 sacrificia
769 1580 1001 1655 illibata,

235 1656 418 1734 factis
436 1659 744 1735 siynaculis
758 1680 926 1737 super
943 1661 1193 1734 calicem,
1209 1659 1375 1720 elevet

173 1755 380 1794 manus
404 1758 552 1810 suas,
581 1738 669 1796 ita
694 1738 903 1810 dicens,

176 1813 267 1871 Im
313 1813 473 1873 rimis
546 1835 676 1894 quae
740 1816 846 1876 tibi
918 1816 1212 1876 offerimus
1269 1837 1373 1895 pro

172 1892 287 1951 Ecc
310 1894 426 1953 ssia
469 1901 570 1952 tua
615 1903 807 1954 saneta
850 1893 1160 1969 catholica,
1201 1915 1372 1974 quam

170 1970 487 2049 pacificare,
528 1973 831 2044 custodire,
867 1973 1135 2046 adunare,
1180 1982 1240 2032 et
1282 1993 1371 2033 re-

170 2068 308 2126 gere
333 2049 584 2128 digneris
610 2059 733 2111 toto
761 2053 896 2110 orbe
920 2059 1228 2123 terrarum,
1257 2072 1373 2111 una

170 2147 299 2186 cum
348 2126 558 2187 samulo
604 2138 704 2189 tuo
747 2130 906 2209 Papa
948 2138 1144 2190 nostro
1186 2131 1267 2189 N.
1312 2139 1372 2191 et

171 2205 459 2266 Antistite
486 2216 679 2267 nostro
703 2206 793 2266 N.

248 2285 316 2342 id
341 2292 436 2357 est,
458 2286 697 2363 proprio
723 2286 976 2364 episcopo
1002 2294 1243 2345 tantum.

166 2370 227 2421 et
253 2362 417 2441 Rege
445 2373 639 2423 nostro
664 2365 745 2422 N.

169 2448 220 2498 et
246 2440 519 2500 dicuntur
542 2443 902 2501 nominatim.

253 2518 552 2597 Sequatur.

168 2607 229 2659 et
249 2599 512 2657 omnibus
532 2598 869 2658 orthodoxis
889 2608 1059 2679 atque
1078 2599 1370 2660 catholicae

168 2684 228 2734 et
253 2675 577 2755 apostolicae
605 2676 741 2736 fidei
769 2677 1096 2738 cultoribuS.

227 2755 322 2813 hic
349 2753 374 2786 ‘¹
395 2764 510 2813 oret
526 2754 550 2787 ‘¹
717 2755 880 2814 vivis.

207 2833 526 2906 Memento,
545 2833 813 2906 Domine,
829 2832 1169 2894 famulorum
1186 2833 1367 2894 famu-

166 2910 462 2990 larumque
488 2920 717 2974 tuarum
744 2913 824 2971 N.
856 2920 915 2971 et
940 2912 1021 2972 N.

164 3040 194 3070 ⁸
230 3049 343 3086 non
368 3033 572 3088 habent
594 3032 680 3088 92.
708 3031 793 3087 94.
822 3032 907 3090 97.
934 3031 1019 3086 98.

165 3102 195 3143 b
231 3120 344 3157 non
368 3104 574 3158 habent
597 3104 682 3157 92.
710 3103 796 3157 98.

163 3183 193 3212 <²
230 3191 345 3228 non
368 3175 571 3228 habent
594 3174 679 3227 92.
707 3173 793 3228 94.
821 3172 907 3226 98.

166 3244 195 3282 ‘¹
232 3248 348 3299 oret
417 3262 478 3299 co
517 3244 879 3300 'tando—97.
1007 3247 1158 3315 roget
1226 3243 1368 3315 cogi·

170 3316 428 3370 tando.—-
526 3316 577 3369 4.

169 3396 195 3426 θ
231 3402 344 3439 non
369 3386 573 3440 habent
596 3385 681 3440 92.
709 3384 796 3440 94.
823 3383 908 3439 97.
937 3383 1023 3439 98.
1294 3432 1297 3435 ,

238 3456 661 3511 Animadvertat
678 3456 769 3510 hic
790 3455 1031 3510 sacerdos
1053 3470 1161 3526 quo
1183 3454 1371 3509 ordine

166 3529 227 3582 in
288 3527 393 3580 hac
450 3527 705 3581 Oratione
752 3526 981 3581 incedat.
1085 3525 1192 3591 Qui
1242 3526 1371 3580 ordo

164 3597 417 3670 quamvis
450 3601 507 3650 et
541 3595 601 3648 in
635 3596 769 3665 aliis,
797 3603 916 3650 tum
942 3601 998 3651 et
1031 3595 1091 3648 in
1127 3596 1214 3649 his
1247 3612 1371 3665 quae

161 3670 235 3725 ad
275 3667 551 3722 Oanonem
593 3671 839 3737 spectant
873 3673 930 3721 et
962 3667 1032 3722 ad
1075 3666 1369 3738 profectum

162 3737 409 3795 caritatis
442 3736 665 3805 faciunt,
693 3738 927 3792 maxime
957 3738 1250 3792 servandus
1272 3740 1367 3790 est.

164 3809 401 3865 Proinde
423 3809 555 3862 dum
575 3808 861 3878 quinquies
882 3808 1178 3863 orationem
1200 3808 1370 3861 facere

162 3885 399 3949 tenetur,
458 3880 689 3951 primam
750 3896 846 3951 pro
893 3879 1063 3950 seipso
1110 3877 1366 3932 effundat.

161 3950 466 4008 Secundam
524 3967 649 4005 vero
713 3966 809 4021 pro
909 3956 1024 4003 atre
1082 3954 1137 4002 et
1196 3954 1369 4002 matre

160 4021 386 4079 carnali.
460 4020 691 4075 Interim
716 4038 785 4075 ne
809 4021 877 4075 ob
900 4020 1154 4075 iviscatur
1177 4035 1364 4090 paren-

155 4101 280 4149 tum
314 4092 697 4163 spiritualium,
733 4109 840 4163 quo
874 4091 961 4146 vel
997 4091 1169 4144 honor
1203 4095 1367 4158 atque

157 4163 463 4219 reverentia
496 4180 605 4232 qua
627 4162 761 4216 alios
784 4161 1118 4216 antecellunt
1151 4160 1228 4214 eis
1262 4160 1364 4214 rite

157 4233 937 4361 {ffissdamiehffiffissifflffi
945 4230 1366 4373 {mma

159 4322 509 4443 meren'tffis,
554 4345 765 4428 necndn
807 4379 864 4428 et
909 4372 1092 4427 sedule
1138 4371 1367 4425 orationi

158 4465 276 4503 suae
319 4445 628 4501 commissis.
720 4444 976 4509 Quartam
1012 4460 1109 4516 pro
1141 4442 1365 4497 circum-

598 4530 723 4593 40*

1577 731 1601 758 ⁶
1620 722 1701 783 In
1725 742 1839 801 qua
1865 722 2133 797 oratione,
2154 723 2292 782 ordo
2311 723 2463 784 debet
2478 724 2697 784 attendi

1485 810 1722 880 propter
1739 802 1994 860 ordinem
2020 802 2298 861 caritatis.
2381 802 2695 881 Quinquies

1493 888 1620 938 orat
1683 880 1934 938 sacerdos
1963 902 1987 951 ,·
2038 880 2228 961 primo
2285 901 2398 959 pro
2461 881 2641 959 seipso
2668 903 2694 953 ;

1488 958 1728 1017 secundo
1763 979 1877 1036 pro
1915 966 2079 1036 patre
2125 966 2176 1017 et
2215 968 2414 1032 matre,
2463 959 2693 1017 carnali

1486 1036 1745 1095 videlicet
1797 1045 1848 1094 et
1910 1037 2230 1115 spirituali,
2286 1046 2338 1096 et
2383 1057 2497 1114 pro
2550 1037 2689 1096 aliis

1476 1115 1812 1191 parentibus
1832 1136 1858 1186 ;
1913 1116 2076 1174 tertio
2107 1136 2220 1193 pro
2266 1116 2470 1174 amicis
2510 1115 2687 1193 speci-

1487 1192 1689 1265 alibus,
1729 1192 2102 1270 parochianis
2148 1202 2199 1251 et
2243 1194 2426 1265 aliis;
2485 1201 2688 1271 quarto

1475 1289 1590 1348 pro
1629 1271 1885 1329 omnibus
1913 1271 2265 1330 adstantibus
2286 1294 2310 1345 ;
2349 1271 2546 1350 quinto
2572 1291 2686 1349 pro

1485 1349 1646 1407 omni
1905 1348 2269 1411 Christiano:
2312 1358 2362 1409 et
2544 1357 2567 1408 t
2592 1348 2688 1408 hic

1484 1447 1512 1483 s
1769 1448 1953 1486 omnes
1978 1448 2104 1486 suos
2130 1429 2340 1487 amicos
2441 1449 2502 1487 eo
2539 1447 2685 1487 com-

1484 1505 1768 1564 mendare.
1857 1504 2101 1564 Consule
2146 1514 2353 1578 tamen,
2391 1514 2457 1564 ut
2493 1506 2686 1565 nullus

1485 1582 1698 1641 ibidem
1721 1583 1899 1641 nimis
1925 1583 2254 1642 immoretur
2265 1606 2289 1656 ;
2316 1593 2437 1642 tum
2453 1591 2688 1662 propter

1485 1661 1672 1718 cordis
1698 1660 2137 1734 distractionem,
2164 1670 2287 1720 tum
2315 1670 2550 1740 propter
2574 1663 2685 1720 im-

1484 1739 1775 1797 missiones
1796 1760 1919 1816 quae
1929 1748 2164 1818 possunt
2177 1741 2321 1817 fieri
2336 1761 2446 1818 per
2464 1739 2688 1817 anqelos

1484 1817 1680 1890 malos,
1709 1825 1831 1876 tum
1846 1825 2082 1896 propter
2107 1818 2231 1876 alia
2248 1818 2554 1910 pericula?

1484 1903 1546 1954 et
1587 1896 1844 1954 omnium
1880 1897 2402 1955 circumstantiumf
2440 1915 2684 1974 quorum

1482 1972 1592 2031 tibi
1618 1974 1762 2034 fides
1788 1975 2017 2054 cognita
2041 1983 2128 2033 est
2163 1981 2223 2033 et
2251 1982 2387 2034 nota
2417 1975 2645 2034 devotio
2666 1996 2685 2048 ;

1484 2071 1592 2132 pro
1616 2054 1820 2130 quibus
1859 2052 2299 2113 tibi-offerimus
2327 2052 2417 2112 vel
2442 2052 2540 2144 qui
2578 2052 2685 2112 tibi

1485 2129 1738 2191 offerunt
1789 2132 1896 2191 hoc
1941 2130 2278 2190 sacrificium
2324 2130 2525 2203 laudm,
2577 2151 2686 2209 pro

1484 2227 1546 2268 se
1572 2212 1796 2288 suisque
1826 2210 2107 2282 omnibuS,
2142 2230 2248 2291 pro
2288 2208 2685 2287 redemptione

1484 2288 1807 2347 animarum
1846 2308 2074 2348 suarum
2113 2309 2220 2368 pro
2259 2308 2359 2367 spe
2397 2286 2595 2348 salutis
2625 2297 2688 2349 et

1485 2364 1893 2427 incolumitatis
1957 2386 2094 2438 suae,
2146 2367 2365 2445 tibique
2430 2366 2684 2426 reddunt

1486 2453 1618 2503 vota
1643 2465 1744 2504 sua
1770 2454 1991 2506 aeterno
2019 2447 2143 2504 Deo
2169 2446 2297 2506 vivo
2325 2454 2385 2505 et
2411 2464 2565 2504 vero.

1563 2522 2061 2584 Communicantes
2081 2532 2142 2583 et
2163 2524 2500 2583 memoriam
2514 2542 2683 2584 vene-

1483 2610 1698 2673 rantes,
1746 2602 2023 2681 Inprimis
2075 2601 2337 2681 gloriosae
2381 2608 2411 2644 ⁸
2434 2621 2685 2680 semper-

1608 2686 1635 2719 c
1702 2681 1714 2693 .
1793 2681 1805 2694 .
1856 2681 1867 2693 .

1480 2698 2216 2836 gigcliyiidgndlolzoarumper,
2245 2756 2447 2830 dicat,¹¹

1481 2835 1708 2909 Mariae,
1735 2836 2040 2915 genetricis
2068 2837 2177 2894 Dei
2205 2845 2266 2896 et
2292 2835 2528 2895 Domini
2554 2855 2683 2897 nos-

1481 2914 1561 2972 tri
1613 2915 1657 2974 J
1658 2935 1758 2974 esu
1811 2912 2046 2986 Christi,
2101 2914 2216 2975 Sed
2269 2921 2329 2973 et
2382 2916 2680 2975 beatorum

1479 3030 1797 3100 astantibus,
1816 3030 2170 3100 divinumque
2184 3029 2500 3084 sacrificium
2519 3035 2686 3101 atque

1479 3102 1809 3156 oblationem
1869 3101 1956 3173 pie
2002 3100 2318 3155 colentibus.
2424 3100 2686 3166 Quintam

1480 3171 1714 3255 denique
1738 3189 1834 3244 pro
1851 3171 2125 3226 communi
2144 3171 2452 3225 Christiano
2470 3172 2682 3243 populo,

1480 3243 1656 3297 cultui
1693 3243 1969 3298 Catholico
2003 3241 2231 3297 addicto,
2319 3242 2454 3306 Quae
2479 3248 2682 3310 tamen,

1480 3313 1730 3383 quamvis
1769 3313 1964 3368 ultima
2001 3313 2062 3366 in
2101 3313 2288 3367 ordine
2325 3313 2412 3381 sit,
2450 3329 2573 3367 cum
2613 3314 2688 3368 sit

1480 3385 1676 3454 cuique
1735 3383 1904 3438 statui
1963 3383 2275 3453 equivalens
2331 3382 2688 3454 omnibusque

1481 3455 1797 3524 communis,
1847 3471 1960 3528 prae
2006 3454 2131 3508 aliis
2176 3452 2392 3524 dignior
2436 3454 2688 3510 habenda

1481 3531 1580 3580 est.
1655 3525 1841 3581 Potest
1881 3532 1938 3580 et
1982 3525 2074 3579 hic
2113 3525 2354 3579 sacerdos
2394 3524 2687 3580 nonnullos

1483 3612 1700 3650 suorum
1737 3596 2030 3651 amicorum
2055 3595 2385 3666 singularius
2407 3595 2521 3650 Deo
2543 3612 2684 3651 com-

1485 3667 1754 3735 mendare,
1816 3666 2052 3722 maxime
2119 3666 2336 3737 quidem
2396 3665 2443 3719 si
2503 3666 2686 3737 aliquo

1484 3738 1669 3792 morbo
1687 3737 1770 3792 vel
1786 3737 2021 3808 periculo
2034 3737 2406 3819 degravantur.
2452 3735 2686 3791 Consulo

1482 3812 1666 3863 tamen
1717 3813 1781 3861 ut
1826 3808 2011 3862 nullus
2051 3807 2249 3863 ibidem
2291 3806 2454 3860 nimis
2491 3806 2680 3861 immo·

1480 3883 1632 3930 retur
1649 3897 1662 3945 ;
1708 3882 1826 3931 tum
1845 3884 2062 3950 propter
2077 3878 2251 3933 cordis
2262 3877 2680 3946 distractionem,

1482 3951 1602 4000 tum
1644 3953 1859 4019 propter
1899 3949 2254 4002 immissiones
2293 3963 2418 4017 quse
2458 3955 2684 4020 possunt

1479 4017 1596 4072 fieri
1648 4035 1744 4088 per
1788 4020 2007 4090 angelos
2052 4018 2236 4087 malos,
2286 4024 2404 4072 tum
2462 4024 2683 4142 propter

1478 4089 1638 4158 plura
1660 4087 1770 4143 alia
1792 4088 2075 4160 inopinata
2097 4088 2460 4159 pericula—2
2501 4130 2513 4143 .

1479 4161 1504 4200 f
1542 4165 1705 4228 atque
1776 4160 2021 4212 omnium
2098 4159 2342 4214 fidelium
2421 4158 2678 4216 Christia-

1476 4228 1909 4284 norum.—M54.

1478 4311 1511 4411 {i
1541 4298 2332 4427 &majetatsstsss
