2975 5009
360 258 491 332 263

390 493 395 496 ,
447 428 591 487 IVon
617 430 833 488 dicitur
857 440 886 470 ὅ
904 432 1187 493 ulterius!

390 573 395 576 ,
452 508 671 566 Oratio·

456 585 835 664 Omnipotens
881 589 1228 667 sempiterne
1268 593 1439 664 Deus,
1526 594 1580 653 ui

372 664 622 723 humano
646 666 841 743 generi
877 667 950 723 ad
980 668 1319 727 imitandum
1348 669 1507 730 humi
1534 673 1577 728 i·

371 744 507 802 tatis
545 743 890 821 exemplum,
935 745 1283 805 Salvatorem
1327 759 1582 808 nostrum

374 842 600 880 carnem
618 842 840 881 sumere
859 832 917 882 et
933 842 1156 884 crucem
1173 827 1360 884 subire
1378 827 1583 889 fecisti:

375 900 615 959 concede
631 901 926 980 propitius,
946 910 1009 959 ut
1026 911 1084 962 et
1106 904 1395 981 patientiae
1413 907 1588 985 ipsius

377 978 589 1037 habere
637 979 975 1038 documenta
1014 991 1074 1040 et
1114 985 1540 1043 resurrectionis
1560 987 1589 1025 b

379 1057 664 1115 consortia
728 1078 1065 1118 mereamur.
1173 1060 1287 1119 Per
1340 1065 1585 1122 eundem

385 1134 720 1192 Dominum.

460 1212 562 1271 Ad
586 1213 1026 1291 Philippenses.⁶

461 1291 710 1362 FratreS,
741 1292 869 1350 Eoo
894 1294 1047 1351 enim
1086 1297 1296 1355 sentite
1325 1296 1383 1353 in
1413 1297 1589 1367 vobis,

382 1369 532 1504 {Juod
560 1378 620 1428 et
646 1369 706 1426 in
733 1369 963 1429 Christo
1000 1372 1043 1431 J
1044 1368 1174 1433 esu:
1219 1374 1335 1442 Qui
1371 1396 1498 1433 cum
1528 1377 1588 1432 in

404 1448 570 1505 ‘orma
614 1447 725 1506 Dei
772 1457 936 1520 esset,
980 1471 1092 1509 non
1134 1454 1392 1531 rapinam
1439 1455 1590 1511 arbi·

385 1535 570 1583 tratus
611 1533 698 1584 est
737 1546 857 1587 esse
895 1548 955 1586 se
995 1531 1269 1607 aequalem
1299 1533 1459 1591 Deo:
1490 1532 1588 1589 sed

388 1604 755 1682 semetipsum
793 1607 1125 1679 exinanivit,
1161 1608 1401 1668 formam
1445 1610 1592 1668 servi

389 1684 684 1762 accipiens,
722 1684 782 1741 in
825 1685 1256 1746 similitudi-nem
1298 1688 1593 1747 hominum

387 1760 582 1831 faotuS,
625 1770 684 1820 et
730 1760 929 1822 habitu
974 1766 1240 1824 inventus
1285 1775 1350 1825 ut
1403 1767 1591 1824 homo.

389 1839 730 1897 Humiliavit
747 1842 1129 1920 semetipsum,
1142 1842 1317 1903 factus
1328 1845 1596 1904 obediens

389 1938 565 1995 usque
591 1917 664 1975 ad
686 1930 948 1991 mortem,
979 1931 1222 1981 mortem
1250 1934 1439 1982 autem
1467 1944 1594 1981 oru-

389 1997 486 2053 cis.
570 1997 815 2074 Propter
851 1999 998 2075 quod
1038 2007 1098 2058 et
1140 2002 1294 2058 Deus
1325 2002 1599 2060 exaltavit

392 2074 574 2145 illum,
610 2083 669 2132 et
707 2076 939 2134 donavit
966 2076 1048 2134 illi
1076 2097 1285 2136 nomen
1327 2081 1476 2156 quod
1511 2089 1599 2140 est

391 2173 562 2229 super
615 2171 784 2211 omne
834 2174 1077 2213 nomen:
1135 2165 1199 2215 ut
1250 2158 1312 2213 in
1368 2159 1601 2217 nomine

391 2230 433 2288 J
437 2252 534 2288 esu
567 2250 733 2287 omne
772 2251 923 2310 genu
961 2232 1242 2305 flectatur,
1271 2234 1600 2307 coelestium,

391 2309 770 2379 terrestrium,
801 2318 860 2368 et
886 2309 1234 2369 infernorum
1262 2335 1277 2385 ;
1320 2323 1380 2373 et
1419 2315 1601 2373 omnis

392 2385 588 2463 lingua
612 2388 967 2459 confiteatur,
1009 2391 1140 2466 quia
1166 2391 1446 2449 Dominus
1473 2412 1604 2450 nos-

393 2474 485 2521 ter
526 2463 567 2521 J
570 2484 693 2522 esus
737 2465 994 2526 Christus
1036 2469 1092 2525 in
1137 2469 1318 2548 gloria
1360 2483 1447 2530 est
1493 2472 1602 2530 Dei

397 2542 602 2601 Patris,

478 2620 780 2679 (ἶί”ιιάαἶε.“1

466 2697 708 2751 'senuisti
733 2716 954 2753 manum
993 2702 1267 2758 dexteram
1306 2722 1480 2759 meam
1511 2725 1521 2758 ε
1548 2710 1604 2759 et

394 2767 455 2820 in
490 2768 768 2824 voluntate
804 2779 901 2825 tua
932 2773 1202 2829 deduxisti
1238 2793 1324 2829 me
1352 2796 1363 2828 ι
1389 2782 1445 2830 et
1478 2794 1604 2830 oum

395 2838 566 2915 gloria
588 2842 919 2912 assumpsisti
945 2861 1045 2898 me.

413 2910 467 2962 V.
512 2909 686 2974 Quam
705 2913 877 2966 bonus
895 2913 1059 2968 Israel
1076 2914 1221 2969 Deus
1238 2917 1397 2970 rectis
1414 2917 1569 2971 eorde
1592 2936 1603 2969 ε

393 2980 502 3034 mei
535 2988 716 3035 autem
756 3000 892 3053 pene
927 2985 1060 3038 moti
1096 2993 1225 3040 sunt
1259 2989 1431 3069 pedes,
1471 3005 1607 3059 pene

395 3049 547 3104 effusi
581 3058 711 3105 sunt
741 3071 950 3123 gressus
984 3056 1091 3109 mei
1125 3076 1137 3110 ε
1182 3074 1311 3126 quia
1346 3059 1513 3112 zelavi
1546 3058 1602 3111 in

397 3123 761 3192 peecatoribus
787 3144 797 3176 ε
833 3143 1014 3196 paoem
1044 3133 1374 3196 peecatorum
1401 3129 1603 3196 videns

482 3191 697 3252 Chorus
724 3196 1048 3255 alternatim
1075 3198 1231 3256 dicat
1269 3198 1587 3258 Tractum.0

469 3269 626 3340 Deus,
650 3272 793 3326 Deus
809 3271 971 3345 meus,
993 3274 1190 3346 respioe
1209 3275 1269 3328 in
1289 3294 1376 3331 me
1404 3297 1415 3329 :
1441 3295 1608 3347 quare

399 3357 488 3395 me
511 3341 882 3410 dereliquisti?

411 3411 470 3465 V.
545 3411 731 3482 Longe
765 3431 799 3466 a
833 3415 1006 3469 salute
1043 3432 1200 3470 mea:
1247 3419 1407 3473 verba
1442 3418 1603 3474 delio-

318 3493 331 3503 ·
400 3487 575 3534 torum
605 3499 858 3537 meorum.

410 3552 469 3605 V.
544 3552 688 3605 Deus
714 3570 876 3618 meuS,
904 3554 1146 3609 elamabo
1181 3575 1277 3627 per
1311 3558 1468 3626 diem,
1510 3577 1608 3614 neo

399 3622 650 3745 exsigdies
668 3641 678 3678 ;
700 3630 755 3677 et
772 3632 938 3692 noete,
957 3632 1011 3678 et
1029 3643 1133 3679 non
1152 3628 1220 3681 ad
1236 3628 1604 3700 insipientiam

401 3710 475 3816 IV?
541 3735 629 3815 Tu
671 3769 850 3817 autem
897 3764 953 3816 in
993 3771 1177 3820 sancto
1221 3769 1443 3838 habitas,
1490 3771 1609 3824 laus

399 3832 566 3887 Israel
601 3853 613 3885 ε
643 3834 701 3885 in
740 3840 794 3888 te
829 3852 855 3887 s
924 3844 1177 3891 raverunt
1205 3846 1383 3909 patres
1421 3842 1606 3911 nostri,

396 3910 746 3975 speraverunt
769 3910 826 3959 et
872 3906 1088 3961 iberasti
1113 3926 1213 3963 eos.

398 4118 427 4148 ⁸
462 4111 647 4165 Gloria
672 4111 1001 4167 Patri—15.
1032 4115 1116 4170 26.

400 4182 428 4289 ἰ
463 4182 755 4306 (ἠως-ἕ).
781 4183 1000 4307 265ῗῖ.1
1023 4257 1045 4326 )

398 4323 426 4361 ‹1
460 4269 737 4379 ¹1³2?ssst
759 4272 954 4397 (vixis.
994 4297 1078 4394 .“>.3‚
1109 4327 1192 4394 24,
1226 4330 1370 4399 1-3.)

395 4403 419 4431 θ
463 4394 548 4448 Ps.
575 4396 688 4450 xxi.
717 4395 868 4468 (xxii.
900 4396 1017 4465 1-8‚
1050 4399 1130 4465 17,
1163 4399 1243 4467 18,
1273 4401 1355 4462 21,
1386 4401 1469 4467 23,
1502 4401 1609 4465 31.)

391 4464 415 4501 t
452 4481 557 4518 non
587 4466 788 4520 habent
814 4469 953 4522 hano
991 4469 1256 4523 rubricam
1296 4471 1378 4534 92.
1409 4471 1493 4522 94.
1523 4472 1607 4525 97.

1014 276 1374 327 DOMINICA
1405 278 1481 325 IN
1523 276 1748 324 RAms
1783 272 2213 321 PALMARUM.

2756 248 2860 311 264

1692 432 1751 485 V.
1827 430 1916 482 Ad
1962 434 2017 482 te
2058 428 2441 489 clamaverunt,
2489 427 2545 475 et
2593 419 2724 474 salvi
2760 419 2863 473 facti

1682 508 1811 554 sunt
1854 519 1865 553 ε
1911 499 1969 553 in
2021 507 2074 552 te
2122 499 2471 568 speraverunt
2510 499 2566 546 et
2609 509 2718 544 non
2760 496 2863 543 sunt
2935 521 2936 564 3

1682 570 1904 625 confusi.

1697 643 1754 696 V.
1798 641 1909 711 Ego
1932 644 2113 694 autem
2133 654 2252 691 sum
2273 634 2485 701 vermis,
2506 637 2563 686 et
2580 648 2691 685 non
2701 631 2861 685 homo:

1685 730 1716 765 o
1755 711 2027 783 probrium
2055 708 2337 762 hominum
2362 711 2418 758 et
2440 703 2672 774 abjectio
2695 700 2850 773 plebis.

1698 731 1757 836 19.
1833 782 2033 835 Omnes
2078 779 2173 849 qui
2222 777 2481 830 videbant
2524 791 2612 828 me
2652 788 2862 843 asperna-

1686 854 1888 907 bantur
1903 869 1988 905 me
2010 871 2021 904 z
2043 848 2207 905 locuti
2222 853 2352 901 sunt
2366 846 2527 900 labiis
2545 850 2602 898 et
2622 847 2866 897 moverunt

1687 942 1751 978 oa
1790 930 1865 976 ut.

1700 940 1787 1048 ΚΡ
1835 991 2082 1063 Speravit
2115 990 2175 1043 in
2214 986 2462 1055 Domino,
2502 984 2700 1057 eripiat
2732 1000 2865 1037 eum:

1688 1064 1895 1119 salvum
1922 1062 2086 1117 faeiat
2110 1078 2233 1115 eum
2258 1058 2516 1128 quoniam
2542 1056 2667 1110 vult
2688 1070 2815 1109 eum.

1702 1135 1762 1189 V.
1837 1133 1952 1204 Ipsi
1994 1149 2116 1187 vero
2162 1130 2637 1185 consideraverunt
2683 1131 2738 1180 et
2772 1140 2869 1178 oon·

1689 1211 1979 1276 spexerunt
1999 1220 2083 1257 me
2112 1222 2123 1255 ε
2148 1201 2446 1254 diviserunt
2463 1198 2570 1252 sibi
2587 1197 2872 1253 vestimenta
2937 1215 2938 1256 3

1691 1293 1827 1343 mea,
1870 1282 1924 1328 et
1965 1291 2125 1346 super
2162 1277 2361 1327 vestem
2411 1286 2590 1323 meam
2642 1267 2873 1320 miserunt

1691 1352 1904 1399 sortem.

1705 1417 1764 1470 V.
1839 1415 2034 1469 Libera
2055 1431 2141 1467 me
2165 1413 2232 1466 de
2249 1428 2339 1465 ore
2361 1409 2538 1463 leonis
2563 1429 2574 1461 z
2601 1415 2656 1463 et
2680 1427 2715 1462 a
2736 1407 2874 1462 oorni·

1693 1488 1794 1540 bus
1819 1485 2158 1539 unicornium
2184 1481 2550 1535 humilitatem
2578 1497 2767 1533 meam.

1706 1557 1765 1611 V.
1840 1556 1945 1621 Qui
1966 1554 2170 1609 timetis
2190 1552 2482 1607 Dominum
2502 1550 2725 1604 laudate
2747 1566 2876 1603 eum:

1694 1627 2005 1682 universum
2023 1642 2203 1679 semen
2218 1624 2390 1678 Jacob
2407 1620 2752 1692 magnificate
2766 1636 2878 1673 eum.

1707 1698 1767 1752 V.
1842 1696 2287 1750 Annuneiabitur
2345 1692 2578 1747 Domino
2636 1689 2881 1761 generatio

1695 1774 1924 1822 ventura
1951 1788 1961 1822 :
1983 1773 2038 1822 et
2061 1765 2476 1821 annunciabunt
2494 1761 2616 1817 ooeli
2634 1761 2881 1833 justitiam

1696 1857 1726 1892 e
1754 1857 1829 1893 us.

1709 1858 1770 1992 1³⁷3
1844 1908 2052 1980 Populo
2074 1907 2169 1977 qui
2194 1911 2443 1961 nascetur
2470 1899 2633 1975 queni
2659 1902 2786 1957 fecit
2804 1901 2885 1955 Do-

1696 1996 1894 2033 minus.

1777 2050 2048 2127 Sequitur
2073 2043 2326 2107 Passio!
2401 2047 2484 2104 Et
2504 2053 2582 2104 est
2597 2044 2885 2103 notandum

1700 2129 1849 2206 quod
1895 2128 2117 2218 triplici
2170 2148 2293 2185 voce
2333 2126 2484 2183 debet
2530 2124 2761 2182 cantari
2807 2129 2885 2180 aut

1692 2207 2077 2285 pronunciari
2087 2228 2111 2277 ,·
2138 2205 2346 2267 scilicet
2365 2224 2489 2261 voce
2509 2202 2654 2275 alta,
2678 2203 2828 2260 bassa
2849 2206 2886 2256 et
2939 2209 2940 2252 ἲ

1702 2285 1911 2342 media.
1996 2284 2151 2355 Quia
2190 2283 2386 2341 omnia
2412 2302 2536 2358 quae
2562 2281 2630 2339 in
2647 2279 2887 2358 passione

1702 2364 2070 2434 continentur,
2101 2370 2201 2419 aut
2227 2362 2391 2424 verba
2416 2368 2548 2417 sunt
2573 2358 2888 2417 Judaeomm

1702 2441 1787 2499 vel
1852 2441 2262 2518 discipulorum
2280 2461 2303 2510 ;
2379 2446 2481 2495 aut
2546 2438 2718 2495 verba
2785 2441 2888 2493 sunt

1709 2518 1928 2578 Christi
1946 2541 1969 2590 ,·
2024 2527 2124 2576 aut
2175 2517 2556 2592 Evanqelistae
2599 2513 2886 2573 narrantis.

1708 2597 1896 2668 Quare
1920 2597 2062 2655 scire
2092 2597 2263 2667 debes,
2292 2594 2440 2672 quod
2479 2595 2582 2651 ubi
2604 2613 2641 2651 a
2671 2594 2889 2651 litteram

1704 2675 1969 2748 iuvenies,
1988 2676 2151 2733 verba
2167 2696 2273 2732 esse
2290 2672 2344 2731 J
2335 2673 2629 2730 udoeo‘mm
2644 2672 2733 2730 vel
2747 2669 2891 2728 disci-

1696 2754 1985 2831 pulorum,
2005 2774 2126 2829 quoe
2143 2753 2263 2810 alta
2277 2772 2401 2809 voce
2415 2759 2547 2808 sunt
2557 2747 2889 2828 proferenda.

1716 2831 1831 2905 Ubi
1848 2852 1973 2889 vero
1992 2834 2029 2889 b
2046 2831 2311 2901 invenies,
2339 2830 2503 2886 verba
2522 2837 2656 2886 sunt
2688 2824 2894 2894 Chris&

1706 2930 1832 2986 quoe
1880 2910 2040 2967 bassa
2090 2930 2214 2967 voce
2270 2907 2720 2985 pronuncianda
2771 2911 2894 2963 sant.

1718 2987 1778 3046 U
1779 2987 1837 3044 bi
1860 3008 1985 3045 vero
2005 3009 2064 3045 m
2087 2988 2351 3057 invenies,
2391 2986 2559 3043 verba
2585 2993 2717 3043 sunt
2757 3003 2895 3043 evan·
2941 3043 2942 3046 ,

1705 3066 1928 3141 qelistae,
1954 3086 2076 3142 quae
2102 3064 2375 3124 mediocri
2400 3084 2525 3122 voce
2555 3063 2788 3139 leyenda
2817 3067 2897 3118 aut

1708 3144 1995 3201 cantanda
2015 3152 2163 3202 swit.
2243 3143 2325 3201 Et
2344 3143 2457 3200 hoec
2478 3143 2679 3199 omnia
2700 3143 2766 3199 in
2785 3137 2898 3197 aliis

1709 3222 2078 3279 Passionibus
2104 3223 2343 3280 observa.
2427 3220 2526 3278 Sic
2554 3220 2764 3296 incipe,

1787 3321 1861 3357 m.
1883 3300 1904 3337 f
1927 3300 2205 3358 Dominus
2231 3300 2535 3358 vobiscum.
2576 3298 2653 3356 R.
2690 3299 2771 3357 Et
2794 3315 2900 3354 cum

1707 3378 1911 3456 spiritu
1941 3387 2057 3436 tuo.

1788 3456 1994 3514 Passio
2023 3455 2275 3513 Domini
2300 3455 2481 3513 nostri
2519 3454 2577 3512 J
2570 3475 2667 3513 esu
2709 3450 2906 3513 Cha-isti

1708 3535 2011 3592 secundum
2039 3533 2122 3591 M
2118 3535 2431 3592 attkoeum.ss

1798 3612 1924 3670 No‘n
1952 3614 2167 3670 dicitur
2197 3612 2395 3671 Gloria
2419 3610 2529 3669 tibi
2559 3610 2813 3669 Domini.

1789 3691 1862 3747 In
1894 3691 1991 3749 illo
2030 3699 2306 3768 tempore,
2351 3690 2518 3747 Dixit
2543 3689 2719 3749 Je‘sus
2761 3686 2908 3745 disci-

1709 3759 1856 3905 {ulis
1882 3770 1996 3827 suis
2019 3792 2034 3840 ;
2086 3770 2134 3825 b.
2165 3768 2332 3826 Scitis
2371 3768 2505 3845 quia
2535 3775 2668 3845 post
2692 3767 2908 3826 biduum

1761 3845 1930 3905 ascha
1946 3847 2066 3917 fiet,
2087 3854 2146 3905 et
2167 3846 2345 3905 Filius
2371 3846 2647 3904 Hominis
2669 3845 2910 3904 tradetur

1710 3933 1775 3983 ut
1814 3926 2194 4004 crucifigatur.
2276 3946 2354 3982 m.
2396 3924 2559 3982 Tunc
2600 3920 2910 4002 congregati

1711 4112 1795 4166 98.
1820 4112 1915 4166 4L.
1941 4113 2103 4167 sRM.
2130 4113 2210 4166 13.
2231 4113 2315 4167 57.
2356 4110 2486 4163 Alia
2504 4110 2665 4165 estin
2687 4111 2764 4163 15.
2787 4109 2912 4180 ejus-

1710 4184 1833 4236 dem
1876 4182 2295 4254 significationis
2383 4180 2581 4235 Literae
2630 4181 2917 4234 indicantes

1711 4254 1991 4323 eujusdam
2028 4256 2141 4308 sint
2177 4255 2336 4307 verba
2371 4252 2724 4305 inveniantur
2745 4252 2805 4303 in
2831 4251 2914 4304 4L.

1715 4324 1797 4378 13.
1827 4325 1911 4379 57.
1987 4324 2055 4378 In
2083 4324 2167 4377 94.
2195 4325 2279 4379 97.
2308 4323 2467 4378 verba
2503 4321 2724 4376 Domini
2763 4321 2915 4375 nostri

1713 4412 1865 4449 eruce
1890 4401 2162 4450 notantur.
2240 4394 2396 4448 Notis
2419 4393 2645 4447 omnin«)
2677 4403 2821 4447 caret
2845 4393 2917 4444 92.

1716 4476 1741 4511 8
1779 4484 1891 4536 cap.
1919 4467 2061 4519 xxvi.
