2975 5009
161 262 293 328 625

159 454 278 512 pam
319 454 359 491 a
400 432 642 492 diacono
684 432 847 492 choro
890 442 1226 512 amm-tatur
1268 458 1371 515 per

160 513 299 571 daos
362 519 628 570 extremos
692 512 762 570 de
826 513 1073 571 secanda
1121 513 1322 591 somna
1347 539 1366 574 .·

156 598 355 648 coetera
381 590 528 647 sicut
543 590 767 667 prinas
1109 639 1117 645 .

236 669 381 726 Post
412 688 617 745 pacem
657 667 875 740 datam,
918 667 1076 726 dicat
1112 671 1365 730 sacerdos

163 745 462 806 Orationes
511 753 789 822 sequentes
836 748 1140 824 privatim,
1210 758 1361 808 ante-

159 844 332 900 quam
350 844 407 882 se
432 824 799 882 communicet
819 846 838 881 .·
864 825 1095 885 tenendo
1120 827 1363 900 hostiam

159 902 377 960 duabus
404 902 685 962 manibus.

239 982 398 1041 Deus
451 978 650 1052 Pater,
667 1027 674 1040 .
690 978 815 1039 fons
869 988 930 1039 et
982 981 1142 1060 origo
1188 984 1362 1042 totius

157 1059 446 1129 bonitatiS,
464 1059 561 1135 qui
581 1058 783 1117 ductus
803 1058 1189 1119 misericordia
1210 1061 1364 1120 Uni·

155 1137 420 1215 genitum
474 1146 639 1194 tuum
691 1156 798 1216 pro
836 1138 998 1198 nobis
1036 1140 1111 1197 ad
1163 1139 1364 1199 infima

158 1213 361 1273 mundi
401 1213 746 1274 descendere
773 1222 834 1275 et
872 1235 1100 1276 carnem
1134 1237 1361 1278 sumere

156 1290 404 1366 voluisti,
449 1312 620 1370 quam
674 1313 782 1372 ego
835 1294 1102 1375 indiguus
1149 1295 1246 1355 'hic
1299 1299 1359 1355 in

158 1371 420 1429 manibus
448 1371 588 1429 meis
619 1379 808 1444 teneo,

157 1525 200 1583 d
236 1446 362 1508 Hic
386 1449 623 1508 inclinet
639 1471 694 1507 se
713 1449 967 1508 sacerdos
995 1450 1075 1508 ad
1099 1452 1359 1526 hostiam,

199 1546 371 1599 icens,

156 1605 243 1664 'Pe
268 1606 462 1676 adoro,
489 1612 550 1664 te
575 1603 847 1683 glorifico,
874 1612 935 1665 te
959 1614 1085 1666 tota
1110 1607 1139 1648 b
1153 1609 1361 1667 mentis

155 1702 224 1741 ac
243 1687 274 1728 ¹>
300 1683 484 1742 cordis
509 1681 829 1743 intentione
855 1682 1023 1744 laudo
1043 1693 1103 1745 et
1128 1705 1358 1765 precor;

155 1770 224 1821 ut
260 1781 364 1820 nos
402 1759 640 1821 famulos
665 1770 792 1820 tuos
831 1781 946 1821 non
986 1764 1231 1837 deseras,
1258 1767 1358 1824 sed

155 1848 389 1919 peccata
414 1848 611 1898 nostra
634 1840 912 1912 dimittas,
938 1850 1215 1919 quatenus
1250 1844 1356 1902 tibi

152 1917 303 1984 80Ιὶο
330 1917 455 1976 vivo
479 1938 547 1976 ac
573 1936 708 1978 vero
738 1919 879 1989 Dec,
946 1939 1051 1978 uro
1089 1921 1257 1980 corde
1297 1930 1358 1981 et

151 2004 309 2056 casto
328 2016 423 2055 cor
462 2016 579 2067 ore,
599 1995 814 2055 servire
841 2016 909 2054 va
930 2007 1170 2056 eamu3.⁶
1243 1999 1358 2060 Per

149 2073 404 2134 eundem
474 2074 718 2133 hristum
748 2075 1058 2135 Dominum
1081 2084 1355 2137 nostrum.

157 2152 381 2212 Amen.

234 2227 484 2291 Domine
509 2230 555 2289 J
555 2249 651 2290 esu
671 2229 920 2304 Christe,
949 2230 1061 2290 Fili
1090 2232 1202 2291 Dei
1222 2232 1355 2307 vivi,

150 2309 254 2387 qui
305 2328 380 2368 ex
423 2308 714 2368 voluntate
762 2309 969 2382 Patris,
1017 2321 1356 2392 cooperante

154 2386 377 2467 Spiritu
396 2388 621 2458 Sancte,
634 2406 737 2465 per
753 2397 999 2447 mortem
1015 2396 1175 2447 tuam
1194 2409 1355 2447 mun-

149 2466 295 2525 dum
335 2465 666 2539 vivificasti3
709 2464 890 2525 libera
926 2487 1038 2540 me,
1067 2467 1098 2506 ⁴¹
1116 2471 1358 2544 quaes0,d

153 2564 262 2623 per
301 2543 409 2603 hoc
440 2552 852 2603 sacrosanctum
881 2564 1081 2635 corpus
1108 2556 1168 2604 et
1209 2544 1360 2604 hunc

151 2622 493 2702 sanguinem
509 2629 672 2680 tuum
688 2641 724 2679 a
739 2625 953 2682 cunctis
967 2623 1361 2702 iniquitatibus

155 2703 301 2761 meis
344 2709 405 2759 et
449 2702 521 2758 ab
574 2699 848 2758 universis
893 2700 1056 2759 malis
1092 2721 1110 2773 ;
1165 2709 1226 2760 et
1273 2702 1359 2760 fac

155 2800 253 2839 me
293 2779 407 2839 tuis
447 2797 674 2856 semper
714 2779 943 2837 obedire
970 2779 1271 2852 mandatis,
1300 2791 1360 2839 et

153 2878 193 2917 a
217 2867 281 2918 te
302 2863 594 2938 nunquam
614 2856 674 2916 in
703 2867 1040 2936 perpetuum
1064 2873 1088 2903 θ
1108 2860 1359 2937 separari

153 2935 532 3017 permittaS,⁶·‘³
550 2941 571 2980 t
594 2932 853 2995 Salvator
906 2935 1149 2999 mundi.r
1249 2937 1361 3005 Qui

151 3035 287 3076 cum
345 3012 711 3073 DeessoPatre
763 3021 825 3074 et
890 3016 1090 3076 eodem
1144 3014 1362 3095 Spiritu

154 3231 185 3261 ⁸
218 3221 278 3279 Si
301 3221 578 3293 srboepus
603 3219 969 3291 celebraverit,
1007 3221 1182 3293 primo
1215 3240 1363 3278 omu-

156 3293 303 3348 letur
315 3285 574 3374 diaconus
589 3291 941 3374 principalem
959 3293 1362 3364 subdiaconum,

153 3368 527 3494 {saw
547 3361 1363 3516 sufflammat:

153 3503 286 3580 plex
322 3503 519 3572 festum
556 3503 735 3572 fuerit,
776 3519 872 3573 qm
912 3521 1086 3575 primo
1121 3505 1365 3561 deferant

152 3576 228 3632 ad
276 3581 507 3629 rectores
565 3571 886 3654 principales
918 3592 932 3640 ;
993 3581 1178 3646 postea
1235 3576 1366 3647 ipsis

151 3644 546 3721 principalibus
567 3644 860 3698 rectoribus
881 3644 1052 3725 ipsam
1089 3663 1274 3716 pacem
1297 3663 1366 3703 ex

152 3722 313 3790 parte
359 3715 548 3770 decani
594 3719 652 3769 ct
708 3719 943 3768 cantens
988 3716 1363 3788 deferentibus,

147 3786 487 3843 secundariis
521 3801 654 3839 vero
681 3801 749 3840 ex
782 3791 935 3856 parte
969 3787 1274 3844 cancellarii
1310 3796 1366 3848 ot

151 3854 719 3914 thesaurarii.--·M54.

153 3928 184 3969 b
223 3944 337 3982 non
359 3927 567 3990 habent
591 3924 677 3980 92.
705 3924 790 3979 94.
817 3924 904 3982 97.
932 3925 1017 3984 98.
1339 3975 1344 3986 ,

153 4008 180 4040 ⁰
218 3998 334 4053 Deo
368 3997 490 4052 vivo
520 4014 588 4079 ac
623 4013 746 4050 vero
779 4013 914 4068 puro
946 3997 1102 4052 corde
1134 4014 1199 4053 ac
1220 4006 1367 4056 casto

153 4067 1095 4200 Yssssffffivffiffiiffi's'fm‘
1121 4067 1207 4122 ⁹⁸·

153 4281 175 4320 ί
211 4297 326 4335 non
349 4280 555 4335 habent
614 4278 664 4332 2.
692 4278 777 4334 97.
805 4277 898 4333 98.

156 4361 185 4400 s
230 4350 470 4407 in.-26.
498 4350 584 4405 57.

155 4422 189 4461 Β
225 4437 340 4480 non
364 4420 571 4478 habent
601 4417 686 4473 92.
714 4417 801 4474 98.

155 4493 172 4531 ¹
208 4492 411 4549 Caveat
428 4490 531 4548 sibi
548 4489 790 4626 Ἧτᾱοε
811 4494 933 4561 post

157 4220 184 4251 θ
219 4209 507 4283 permittas
528 4225 583 4262 se

956 4490 1088 4547 istas
1105 4492 1373 4548 orationes

1281 279 1543 330 CANON.
1564 295 1571 300 ·

2565 265 2696 329 626

1480 438 1692 497 Sancto
1745 438 1885 497 vivis
1939 445 2000 498 et
2047 457 2112 497 re
2153 435 2253 498 nas
2309 450 2338 489 8
2362 437 2521 499 Deus
2585 457 2690 517 per

1480 517 1717 574 omnias
1745 516 1951 576 saecula
1975 537 2122 577 seecu
2145 538 2325 576 orum.
2406 519 2617 576 Amen.

1557 594 1825 705 Corporis
1865 604 1926 655 et
1964 596 2252 675 sanguinis
2291 595 2397 668 tui,
2434 596 2684 654 Domine

1474 671 1617 731 Jesu
1721 672 2002 746 Christe,¹¹
2043 682 2477 746 sacramentum,
2529 673 2680 750 quod

1474 748 1611 808 licet
1654 751 1920 831 indignus
1969 754 2199 832 accipio,
2246 772 2361 811 non
2409 755 2486 811 sit
2539 749 2681 810 mihi

1468 828 1682 905 judicio
1736 840 1797 889 et
1856 830 2355 904 condemnationi3
2427 831 2526 890 sed
2582 840 2682 889 tua

1473 908 1659 984 prosit
1694 908 1907 986 pietate
1949 910 2199 987 corporis
2225 909 2338 969 mei
2371 918 2430 968 et
2468 909 2676 980 animas

1473 984 1663 1057 saluti,
1694 987 1906 1045 Amen.

1551 1062 1655 1120 Ad
1692 1084 1892 1141 empus
1930 1064 2087 1122 dieat
2116 1084 2245 1123 cam
2279 1065 2676 1123 hmniliatione

1471 1148 1777 1217 antequam
1793 1143 2100 1221 percipiat.

1552 1219 1685 1278 Ave
1726 1220 1785 1277 in
1829 1229 2128 1293 aeternum,
2157 1220 2511 1281 sanctissima
2544 1239 2675 1279 caro

1470 1295 1708 1370 Christi,
1763 1298 1904 1356 mihi
1956 1308 2091 1358 ante
2147 1301 2339 1358 omnia
2390 1308 2450 1359 et
2500 1320 2563 1359 su
2639 1319 2671 1357 r

1472 1376 1664 1435 omnia
1701 1395 1924 1435 summa
1961 1378 2216 1436 dulcedo.
2295 1378 2514 1457 Corpus
2554 1379 2560 1385 ’
2614 1396 2674 1436 o-

1471 1453 1615 1512 mini
1667 1455 1849 1513 nostri
1914 1455 1957 1514 J
1960 1475 2057 1515 esu
2122 1455 2339 1516 Christi
2401 1458 2479 1516 sit
2529 1455 2673 1515 mihi

1470 1533 1753 1610 peccatori
1794 1533 1886 1590 via
1923 1541 1985 1592 et
2022 1533 2176 1606 vita,¹

1552 1610 1625 1667 In
1679 1630 1753 1669 no
1896 1611 1988 1670 ine
2057 1611 2244 1672 Patris
2297 1620 2358 1672 et
2410 1612 2544 1672 Filii
2611 1620 2673 1671 et

1470 1684 1717 1765 Spiritus
1786 1689 1957 1760 ancti,
1986 1690 2200 1749 Amen.

1551 1766 1673 1824 Hic
1697 1776 1885 1824 suanat
1910 1787 2126 1845 corpas,
2149 1788 2307 1826 cruce
2323 1769 2673 1848 priusfacta

1471 1862 1602 1901 cam
1644 1845 1769 1921 ipso
1813 1865 2038 1922 corpore
2085 1854 2216 1903 mite
2262 1867 2339 1904 os.
2447 1847 2673 1905 Deinde

1470 1921 1552 2055 ιᾶᾷ
1589 1923 1922 1999 sanquinem
1957 1943 2086 1981 cum
2121 1941 2334 2000 maqna
2370 1924 2671 1998 devotione,

1514 2020 1682 2072 icens,

1552 2079 1677 2138 Ave
1728 2077 1789 2136 in
1841 2086 2143 2152 aeternum,
2190 2078 2432 2139 coelestis
2485 2088 2672 2158 potus,

1472 2155 1618 2215 mihi
1669 2164 1805 2216 ante
1870 2157 2060 2216 omnia
2119 2166 2179 2216 et
2245 2177 2415 2237 super
2481 2159 2674 2217 omnia

1474 2253 1698 2293 summa
1739 2234 1999 2294 dulcedo.
2085 2235 2197 2295 Cor
2236 2256 2302 2294 us
2343 2245 2403 2294 et
2447 2235 2674 2315 sanguis

1472 2311 1710 2371 Domini
1761 2313 1941 2373 nostri
1993 2312 2038 2372 J
2039 2333 2137 2373 esu
2275 2314 2400 2373 risti
2449 2315 2672 2394 prosint

1476 2390 1618 2448 mihi
1666 2393 1948 2470 peccatori
1993 2393 2065 2450 ad
2109 2393 2421 2452 remedium
2464 2391 2672 2471 sempi-

1473 2474 1706 2527 ternum
1734 2469 1799 2532 in
1827 2470 2001 2528 vitam
2029 2480 2323 2530 aeternam.
2406 2472 2620 2529 Amen.

1549 2546 1664 2604 JIn
1701 2545 2009 2626 no›1‹mine
2070 2546 2257 2607 Patris
2313 2556 2373 2608 et
2424 2547 2557 2607 Filii
2613 2554 2674 2608 et

1475 2623 1728 2702 Spiritus
1760 2624 1970 2684 Sancti.
2052 2626 2285 2685 Amen)

1551 2700 2220 2779 Hicswmatscmquinem
2236 2725 2260 2775 ;
2287 2724 2396 2781 qao
2410 2723 2536 2761 sum
2597 2702 2675 2777 o,¹‘

1471 2779 1707 2838 inclinet
1732 2801 1787 2838 se
1812 2781 2063 2839 sacerdos
2089 2789 2140 2839 et
2174 2781 2331 2842 dicat
2356 2803 2485 2840 cum
2646 2815 2671 2828 -

1472 2857 1624 2915 tione
1648 2858 1959 2917 orationem
1984 2866 2306 2935 sequentem.

1555 2935 1782 2996 Gratias
1835 2938 1942 2996 tibi
1989 2957 2115 3015 age,
2163 2936 2431 3008 Domine,
2478 2944 2672 2997 sancte

1473 3014 1668 3087 Pater,
1710 3015 2070 3094 omnipotens
2109 3025 2325 3080 aeterne
2367 3016 2547 3088 DeuS,
2574 3016 2670 3094 qui

1472 3220 1646 3275 dictas
1660 3238 1697 3275 a
1713 3220 1887 3275 nimia
1903 3220 2212 3292 prolixitate
2229 3221 2497 3277 tractandi
2520 3238 2674 3293 prop-

1473 3296 1557 3345 ter
1615 3291 1967 3363 cogitationes
2011 3292 2273 3347 volubiles
2330 3293 2632 3362 aliquorum
2659 3310 2672 3358 ;

1472 3367 1657 3416 tamen
1704 3362 1764 3416 in
1849 3361 2102 3417 raemissis
2146 3362 2478 3419 orationibus
2517 3364 2676 3417 debet

1470 3432 1711 3488 sacerdos
1725 3450 1778 3486 m
1848 3432 1972 3488 itari
1986 3434 2053 3486 de
2067 3432 2461 3502 Incarnatione‚
2479 3432 2677 3490 nativi-

1472 3507 1600 3571 tate,
1625 3503 1883 3585 passione,
1911 3508 1966 3557 et
1992 3503 2237 3585 piissima
2260 3509 2431 3558 morte
2454 3503 2675 3558 Domini

1471 3579 1643 3627 nosti-1
1659 3573 1699 3627 J
1702 3590 1795 3628 esu
1810 3572 2009 3628 Christi
2024 3580 2080 3628 et
2092 3575 2159 3628 de
2174 3573 2340 3644 hujus
2352 3575 2673 3628 sacramenti

1471 3644 1706 3711 virtut03
1754 3650 1812 3700 et
1847 3649 1979 3699 tunc
2000 3661 2125 3700 cum
2161 3661 2361 3715 magna
2393 3644 2675 3701 devotione

1470 3720 1529 3768 et
1551 3714 1702 3768 omni
1736 3715 2035 3770 reverentia
2056 3720 2111 3770 et
2138 3715 2330 3769 timore
2352 3715 2511 3769 debet
2532 3730 2673 3769 com-

1472 3785 1740 3844 municari
1810 3803 1964 3840 cruce
2020 3786 2171 3856 prius
2229 3784 2383 3853 facta,
2433 3802 2500 3839 ex
2559 3784 2675 3855 ipso

1471 3872 1696 3997 congrg
1700 3925 1713 3938 .
1723 3857 1796 3910 sci
1821 3855 2177 3979 iffitfffffisffi'
2216 3861 2344 3910 ante
2381 3873 2440 3909 os
2485 3852 2671 3926 recipi-

1470 3942 1540 3979 en
1568 3944 1613 3979 1s
1697 3944 1930 3981 icens—
2067 3967 2079 3981 .

1467 3994 1486 4044 1
1526 4013 1638 4051 non
1664 3996 1828 4052 habet
1854 3997 1940 4050 26.
2295 4055 2299 4059 ,

1471 4065 1504 4103 ¹1
1527 4072 1617 4122 eat
1628 4067 1699 4123 ad
1719 4068 1966 4122 dextrum
1988 4084 2156 4121 cornu
2172 4065 2358 4121 altaris
2371 4082 2493 4119 cum
2508 4063 2674 4120 calice

1468 4139 1615 4194 inter
1664 4154 1872 4207 manus,
1923 4139 2102 4193 adhuc
2149 4137 2335 4208 digitis
2373 4135 2492 4204 conj
2500 4135 2678 4189 unctis

1470 4210 1609 4264 sicut
1624 4209 1786 4291 prius,
1803 4215 1859 4263 et
1872 4210 2087 4263 accedat
2100 4208 2355 4270 diaconus
2367 4212 2424 4261 et
2434 4205 2677 4270 effundat

1471 4280 1535 4334 in
1548 4280 1768 4334 cahoem
1784 4278 1973 4333 vinum
1989 4280 2073 4333 vel
2090 4295 2302 4348 aquam,
2318 4282 2376 4333 et
2390 4276 2675 4331 resinceret

1469 4349 1709 4406 sacerdos
1732 4366 1926 4403 manus
1959 4366 2082 4403 suas
2106 4365 2176 4403 ne
2209 4347 2410 4418 aliquae
2431 4346 2675 4416 reliquiae

1470 4419 1703 4492 corporis
1724 4425 2042 4473 remaneant
2058 4420 2117 4473 in
2142 4418 2328 4491 digitis
2348 4416 2435 4474 vel
2458 4416 2672 4487 sangui-

1471 4492 1559 4546 nis
1581 4491 1642 4545 in
1665 4490 1844 4546 calice.
1923 4488 2060 4543 Cum
2087 4506 2209 4545 vero
2225 4489 2423 4561 aliquis
2438 4487 2678 4544 sacerdos
