2975 5009
125 180 217 247 97
580 199 798 244 naen.
851 198 1021 245 non.
1071 200 1147 244 11.
1185 198 1358 247 Pos‘r
1406 197 1735 247 ocrAVAs
1782 199 2232 274 Erilqmwffl.
2588 183 2671 245 98

122 355 273 412 driae
322 374 426 412 sex
473 354 674 433 positae
725 356 1031 413 secundum
1085 355 1345 433 purifica-

121 433 347 492 tionem
379 432 742 503 Judaeorum,
786 434 1070 511 capientes
1112 434 1349 513 singulae

122 520 409 569 metretas
438 515 598 570 binas
635 511 724 570 vel
766 521 976 571 ternas.
1060 513 1230 572 Dixit
1270 514 1350 571 eis

119 590 340 649 Jesus:
402 590 653 669 Implete
708 590 938 666 hydrias
994 612 1156 669 aqua.
1267 593 1348 652 Et

120 668 518 747 impleverunt
564 690 658 727 eas
705 690 878 746 usque
918 670 990 727 ad
1045 690 1343 728 summum.

121 748 209 805 Et
238 747 395 804 dixit
424 749 503 806 eis
543 748 746 807 Jesus:
791 749 1039 807 Haurite
1076 770 1243 820 nunc,
1287 760 1347 808 et

119 823 276 884 ferte
305 825 710 884 architriclino.
794 827 872 886 Et
898 826 1170 885 tulerunt.
1254 828 1345 887 Ut

115 916 318 962 autem
374 906 622 981 gustavit
675 905 1088 964 architriclinus
1140 926 1342 983 aquam

120 982 323 1039 vinum
372 984 601 1053 iactum,
651 995 710 1042 et
759 1005 872 1041 non
927 984 1136 1043 sciebat
1189 986 1342 1044 unde

120 1069 292 1130 esset,
304 1061 577 1140 (ministri
594 1071 783 1121 autem
803 1064 1070 1135 sciebant,
1090 1063 1186 1141 qui
1204 1064 1342 1121 hau-

119 1152 324 1198 serant
350 1160 552 1217 aquam
576 1144 618 1218 :)
668 1151 824 1199 vocat
852 1162 1116 1221 sponsum
1157 1142 1341 1200 archi-

120 1218 409 1290 triclinum,
465 1229 525 1278 et
578 1221 718 1277 dicit
773 1221 862 1279 ei:
924 1220 1129 1278 Omnis
1169 1219 1340 1279 homo

121 1297 380 1375 primum
410 1299 621 1355 bonum
651 1300 843 1355 vinum
885 1299 1082 1377 ponit:
1126 1307 1184 1357 et
1211 1319 1337 1357 cum

121 1374 395 1433 inebriati
415 1375 646 1448 fuerint,
674 1385 809 1435 tunc
834 1378 894 1434 id
915 1379 1063 1454 quod
1089 1379 1337 1436 deterius

119 1462 248 1512 est:
302 1463 367 1510 tu
408 1463 598 1513 autem
636 1456 867 1514 servasti
896 1458 1087 1513 vinum
1127 1460 1333 1516 bonum

119 1552 300 1610 usque
331 1533 533 1591 adhuc.
619 1534 748 1591 Hoc
788 1534 922 1593 fecit
958 1535 1180 1593 initium
1223 1536 1334 1613 sig·

121 1629 331 1667 norum
386 1612 555 1670 Jesus
608 1612 665 1668 in
720 1614 876 1673 Cana
931 1613 1218 1673 Galilaeae:
1276 1624 1334 1672 et

121 1688 509 1749 manifestavit
547 1690 785 1768 gloriam
833 1712 1011 1764 suam,
1055 1699 1114 1751 et
1154 1694 1335 1751 credi-

117 1768 338 1825 derunt
365 1769 426 1825 in
454 1790 584 1828 eum
612 1769 868 1848 discipuli
897 1770 1035 1847 ejus.

203 1845 615 1921 offertomium.⁸

190 1922 443 1978 Jubilate
468 1925 592 1993 Dee,
621 1925 869 1979 universa
893 1931 1035 1980 terra
1057 1946 1067 1978 :
1098 1926 1333 1996 jubilate

119 1994 248 2062 Deo,
278 1996 529 2049 universa
553 2004 724 2060 terra;
750 1997 1015 2067 psalmum
1045 1998 1204 2050 dicite
1239 2016 1329 2049 no-

117 2065 259 2117 mini
298 2066 449 2136 ejus:
494 2068 672 2120 venite
708 2076 764 2121 et
797 2069 980 2121 audite
1016 2075 1071 2121 et
1106 2070 1332 2121 narrabo

117 2137 289 2202 vobis,
318 2154 505 2190 omnes
527 2138 622 2206 qui
658 2139 861 2192 timetis
898 2139 1086 2202 Deum,
1127 2145 1333 2208 quanta

114 2206 285 2261 fecitb
302 2207 600 2262 Dominusb
625 2210 825 2264 animae
841 2227 990 2263 meae.
1055 2209 1327 2281 Alleluya.

196 2277 443 2338 Secreta.

195 2356 287 2415 Ut
313 2358 424 2415 tibi
448 2366 612 2437 grata
640 2359 775 2430 sint,
806 2358 1070 2430 Domine,
1094 2380 1331 2417 munera

112 2435 312 2514 populi
341 2436 428 2493 tui
466 2438 847 2515 supplicantiS‚
876 2440 947 2496 ab
977 2438 1147 2510 omni,
1176 2458 1326 2515 quee-

111 2535 330 2585 summ,
388 2536 516 2574 eum
559 2517 892 2595 contagione
944 2516 1330 2594 perversitatis

110 2594 384 2651 emunda.
470 2594 584 2652 Per
611 2596 938 2653 Dominum.

203 2673 595 2729 communiae

184 2748 337 2802 Dicit
362 2750 625 2803 Dominus
646 2769 657 2814 ;
696 2749 927 2821 Implete
949 2749 1168 2821 hydrias
1190 2766 1331 2819 aqua

110 2826 169 2872 et
204 2820 345 2872 ferte
381 2820 780 2887 architriclin03
821 2829 875 2873 et
911 2822 1039 2873 dum
1066 2828 1329 2892 gustasset

108 2890 516 2944 architriclinus
533 2908 724 2960 aquam
748 2892 935 2946 vinum
953 2887 1171 2960 factum,
1199 2892 1332 2945 dicit

109 2977 312 3031 sponso
336 2980 349 3028 ;
401 2961 636 3015 Servasti
674 2963 860 3016 vinum
911 2964 1112 3016 bonum
1162 2979 1329 3032 usque

111 3032 310 3085 adhuc.
389 3032 510 3085 Hoc
532 3033 747 3103 signum
771 3034 897 3087 fecit
913 3033 954 3085 J
955 3050 1074 3087 esus
1090 3034 1327 3104 primum

114 3119 297 3156 coram
322 3102 600 3174 discipulis
623 3104 746 3157 suis,

196 3174 672 3232 Poetcommunia

198 3252 505 3332 Augeatur
545 3254 604 3311 in
647 3254 823 3325 nobiS,
860 3254 1126 3326 Domine,
1174 3273 1326 3330 quae-

116 3349 332 3404 sumus,
372 3341 492 3391 tuae
519 3332 744 3391 virtutis
772 3334 1060 3411 operatio:
1098 3341 1163 3389 ut
1187 3332 1328 3389 divi·-

117 3409 210 3467 nis
260 3410 514 3490 vegetati
567 3412 949 3482 sacramentis,
1003 3412 1076 3470 ad
1131 3431 1327 3469 eorum

119 3491 399 3564 promissa
423 3490 699 3567 capienda
725 3497 823 3548 tuo
849 3510 1073 3568 semper
1091 3510 1327 3548 munere

116 3586 529 3646 praeparemur.
613 3569 728 3628 Per
755 3568 1085 3627 Dominum.

222 3739 436 3813 Feria
471 3748 754 3834 quarta.

199 3837 306 3895 Ad
335 3836 742 3896 Timotheum.‘¹

197 3915 560 3986 Charissime,
589 3914 802 3975 Fidelis
828 3934 1032 3986 Serme,
1074 3922 1134 3973 et
1172 3915 1326 3972 omni

110 3996 443 4074 acceptione
521 3991 726 4073 dignus
768 4016 782 4054 ε
853 3994 999 4073 quod
1069 3993 1326 4053 Christus

112 4072 159 4131 J
160 4092 290 4131 esus
317 4075 478 4132 venit
506 4073 564 4130 in
594 4073 742 4132 hunc
768 4074 1041 4130 mundum
1072 4083 1325 4149 peccato·

110 4225 140 4251 ὃ
181 4213 271 4267 Pe.
293 4214 400 4269 lxv.
429 4215 581 4285 (lxvi.
612 4215 658 4284 l,
687 4215 736 4284 2,
767 4215 876 4286 16.)

112 4287 141 4322 ¹²
183 4284 563 4339 Deus—SRM.
594 4286 677 4339 15.

111 4367 137 4394 0
177 4354 341 4409 Joan.
368 4355 423 4409 ii.
453 4357 522 4409 A.
553 4356 622 4427 (v.
649 4357 695 4426 7,
724 4355 773 4425 9,
803 4355 886 4424 10,
917 4355 1026 4427 11.)

111 4428 143 4465 ⁴¹
189 4426 217 4478 l
249 4427 316 4480 ad
339 4427 471 4480 Tim.
501 4444 613 4497 cap.
642 4427 676 4481 i.
706 4427 770 4481 D.
800 4427 871 4499 (v.
905 4426 1116 4497 15-17.)

1462 373 1556 412 res
1598 354 1776 412 salvos
1816 356 2019 426 facere,
2057 375 2294 432 quorum
2322 355 2537 432 primus
2564 375 2670 433 ego

1460 453 1628 491 sum:
1681 433 1781 492 sed
1823 435 1950 491 ideo
1996 434 2432 492 misericordiam
2475 454 2669 493 conse-

1460 520 1621 569 cutus
1649 532 1793 582 sum,
1822 521 1886 571 ut
1913 513 1972 568 in
1999 532 2093 570 me
2127 513 2312 590 primo
2339 514 2667 571 ostenderet

1459 590 1719 649 Christus
1745 592 1788 650 J
1792 612 1915 649 esus
1952 611 2177 648 omnem
2219 590 2553 668 patientiam
2590 592 2662 649 ad

1458 668 1916 727 informationem
1974 689 2187 740 eorum,
2243 669 2338 746 qui
2394 670 2662 728 credituri

1457 758 1590 805 sunt
1631 747 1714 806 illi
1761 749 1819 804 in
1869 748 2044 806 vitam
2112 758 2405 807 aeternam.
2515 748 2602 807 Re
2644 750 2660 805 i

1454 835 1647 885 autem
1677 826 2011 885 saeculorum
2034 826 2360 896 immortali,
2379 827 2596 886 invisib‘
2623 827 2659 897 i,

1454 904 1558 961 soli
1614 906 1757 976 Dee,
1802 905 1984 963 honor
2027 915 2085 964 et
2130 905 2312 985 gloria
2354 906 2414 962 in
2457 906 2661 965 saecula

1454 982 1803 1041 saeculorum.
1886 986 2093 1041 Amen.

1532 1062 1853 1120 Secundum
1874 1064 1952 1120 M
1946 1070 2184 1121 asrcwmst³

1536 1141 1607 1197 In
1630 1139 1725 1197 illo
1746 1151 2020 1219 tempore,
2041 1142 2312 1220 Egressus
2331 1141 2374 1200 J
2376 1162 2499 1200 esus
2515 1142 2659 1200 abiit

1450 1217 1509 1273 in
1533 1220 1776 1296 patriam
1800 1240 1987 1279 suam:
2011 1231 2070 1279 et
2090 1222 2465 1298 sequebantur
2492 1220 2654 1278 illum

1449 1297 1709 1376 discipuli
1752 1299 1873 1358 sui:
1930 1309 1988 1358 et
2027 1300 2173 1357 facto
2214 1301 2445 1357 sabbato
2484 1301 2654 1377 coepit

1448 1374 1509 1431 in
1532 1396 1815 1455 synagoga
1832 1379 2065 1435 docere:
2098 1388 2156 1436 et
2178 1377 2342 1434 multi
2362 1377 2655 1436 audientes

1446 1454 1875 1513 admirabantur
1903 1457 1960 1511 in
1988 1457 2248 1513 doctrina
2281 1456 2417 1533 ejus,
2460 1456 2651 1514 dicen-

1450 1542 1534 1589 tes
1558 1556 1571 1592 :
1603 1533 1776 1592 Unde
1797 1533 1926 1591 huic
1946 1533 2067 1591 haec
2088 1536 2310 1593 omnia?
2338 1543 2397 1591 et
2418 1554 2543 1609 quae
2565 1543 2653 1593 est

1445 1630 1507 1668 sa
1547 1612 1740 1683 ientia‚
1769 1632 1897 1688 quae
1916 1613 2049 1670 data
2075 1621 2160 1671 est
2187 1612 2297 1671 illi:
2327 1619 2386 1670 et
2412 1613 2651 1671 virtutes

1445 1697 1507 1747 ta
1530 1709 1608 1761 eS,
1629 1710 1756 1767 quae
1784 1711 1886 1768 per
1913 1711 2109 1750 manus
2136 1691 2254 1769 ejus
2282 1692 2648 1750 efficiuntur?

1443 1767 1657 1827 Nonne
1697 1770 1804 1828 iste
1852 1776 1979 1828 ests
2010 1768 2168 1828 faber
2214 1768 2365 1827 filius
2404 1770 2656 1841 Mariae,t

1444 1846 1624 1906 frater
1668 1848 1868 1906 Jacobi
1908 1856 1966 1906 et
2000 1848 2217 1926 Joseph
2267 1856 2325 1906 et
2371 1849 2551 1907 Judae-
2591 1858 2649 1907 et

1446 1925 1738 1985 Simonis?
1794 1947 1980 1986 nonne
2024 1936 2082 1985 et
2125 1946 2341 1985 sorores
2388 1927 2514 2006 ejus
2555 1925 2648 1985 hic

1445 2005 1732 2062 nobiscum
1760 2009 1936 2064 sunt?
2017 2006 2097 2064 Et
2128 2006 2649 2064 scandalizabantur

1443 2082 1503 2139 in
1553 2083 1665 2141 illo.
1747 2084 1826 2141 Et
1865 2085 2087 2142 dicebat
2127 2086 2205 2143 eis
2245 2085 2447 2144 Jesus:
2503 2085 2650 2153 Quia

1443 2181 1555 2218 non
1599 2171 1683 2221 est
1723 2163 2002 2242 propheta
2040 2164 2161 2222 sine
2202 2163 2414 2223 honore
2450 2164 2558 2221 nisi
2588 2166 2647 2222 in

1442 2241 1629 2317 patria
1668 2261 1781 2313 sua,
1812 2252 1871 2299 et
1897 2243 1956 2299 in
1984 2243 2314 2320 cognatione
2354 2263 2469 2313 sua,
2500 2252 2558 2301 et
2586 2244 2648 2300 in

1442 2318 1613 2376 domo
1634 2339 1750 2377 sua.
1808 2320 1887 2379 Et
1905 2341 2016 2378 non
2036 2330 2258 2398 poterat
2276 2321 2353 2378 ibi
2375 2322 2646 2380 virtutem

1441 2395 1613 2454 ullam
1641 2397 1844 2469 facere,
1873 2400 1979 2456 nisi
2009 2421 2208 2478 paucos
2249 2400 2505 2457 infirmos
2538 2400 2647 2457 im-

1440 2476 1637 2552 positis
1673 2478 1932 2535 manibus
1959 2479 2206 2538 curavit:
2246 2489 2305 2537 et
2333 2478 2646 2536 mirabatur

1441 2564 1677 2633 propter
1704 2556 2161 2615 incredulitatem
2192 2577 2404 2616 eorum.

1543 2713 1755 2785 Feria
1790 2721 2020 2787 sexta.

1519 2810 1622 2867 Ad
1647 2812 1980 2869 Romanoas

1523 2889 1774 2961 FratreS,
1807 2890 1951 2960 Scio,
1982 2898 2039 2947 et
2066 2890 2286 2947 confido
2313 2887 2371 2945 in
2399 2890 2647 2948 Domino

1439 2967 1598 3039 Jesu‚
1626 2969 1757 3045 quia
1795 2967 1939 3025 nihil
1977 2988 2271 3025 commune
2299 2988 2403 3045 per
2442 2968 2645 3045 ipsum,

1441 3046 1550 3103 nisi
1595 3048 1645 3105 ei
1693 3047 1789 3124 qui
1836 3046 2124 3104 existimat
2168 3046 2303 3122 quid
2348 3067 2644 3106 commune

1441 3144 1579 3197 esse,
1608 3124 1691 3181 illi
1718 3146 2014 3184 commune
2036 3134 2136 3183 est.
2222 3124 2283 3183 Si
2306 3125 2456 3182 enim
2478 3131 2648 3203 prop-

1440 3211 1532 3262 ter
1585 3203 1771 3262 cibum
1825 3204 2003 3263 frater
2055 3215 2185 3262 tuus
2238 3203 2645 3261 scandalizatur

1440 3290 1540 3340 aut
1579 3284 1983 3342 contristatur:
2024 3283 2145 3361 jam
2187 3302 2301 3340 non
2338 3283 2644 3340 secundum

1441 3359 1777 3420 charitatem
1830 3361 2099 3420 ambulas,
2180 3360 2318 3419 Noli
2370 3361 2495 3420 cibo
2544 3369 2645 3419 tuo

1441 3439 1601 3497 illum
1629 3440 1886 3518 perdere,
1915 3461 2020 3519 pro
2046 3461 2155 3518 quo
2195 3440 2454 3500 Christus
2493 3461 2644 3498 mor-

1440 3528 1571 3576 tuus
1629 3527 1731 3576 est.
1829 3518 1966 3577 Non
2032 3520 2457 3599 blasphemetur
2508 3539 2643 3597 ergo

1439 3598 1648 3655 bonum
1692 3605 1964 3655 nostrum.
2047 3598 2185 3656 Non
2213 3606 2297 3656 est
2325 3598 2476 3655 enim
2518 3618 2649 3673 reg-

1440 3696 1579 3733 num
1635 3676 1745 3734 Dei
1785 3696 1910 3734 esca
1949 3685 2008 3736 et
2046 3690 2246 3755 potus3
2289 3677 2388 3735 sed
2420 3675 2646 3751 justitia

1441 3762 1501 3812 et
1527 3775 1641 3832 pax
1670 3763 1728 3813 et
1753 3756 2021 3845 gaudium
2050 3756 2109 3812 in
2138 3754 2352 3833 Spiritu
2397 3754 2604 3812 Sancto
2628 3776 2641 3807 ·.

1480 3834 1538 3890 ui
1574 3833 1727 3892 enim
1754 3853 1815 3890 m
1855 3833 1961 3891 hoc
1988 3833 2160 3892 servit
2185 3833 2433 3902 Christe,
2460 3830 2645 3910 placet

1440 3852 1568 3969 {eo
1594 3920 1653 3970 et
1679 3913 1948 3990 probatus
1972 3921 2059 3970 est
2087 3910 2421 3969 hominibus,
2523 3909 2644 3966 Ita-

1439 4009 1549 4067 que
1575 4010 1702 4067 quae
1730 3991 1879 4067 pacis
1906 3998 2056 4061 sunt,
2083 3999 2362 4048 sectemur
2385 4010 2399 4048 2
2429 3996 2488 4047 et
2512 4007 2642 4064 quae

1439 4069 1828 4127 aedificationis
1880 4077 2030 4141 sunt,
2085 4068 2321 4127 invicem
2368 4067 2645 4126 custodia-

1440 4221 1463 4249 e
1501 4230 1613 4281 cap.
1643 4211 1710 4264 vi.
1741 4211 1809 4265 A.
1838 4212 1909 4282 (v.
1945 4210 2087 4281 1-6.)

1441 4283 1459 4319 f
1493 4282 1627 4336 fabri
1655 4281 1799 4334 filius
1823 4288 1877 4335 et
1902 4280 2253 4335 Mariae—26.
2282 4281 2366 4343 57.

1438 4364 1465 4400 g
1502 4371 1613 4425 cap.
1643 4352 1747 4405 xiv.
1779 4351 1835 4406 G.
1866 4352 1935 4425 (v.
1967 4352 2183 4425 14-23.)
