2975 5009
172 250 212 312 9
739 267 1091 316 DOMINIGA
1127 270 1358 318 PmMA
1392 272 1783 323 ADVENTUS
1816 276 2098 325 DOM1N1·.
2599 263 2684 326 10

148 421 216 478 de
280 419 512 497 Spiritu
574 420 796 493 SanctO,
852 432 901 479 et
953 425 1019 481 in
1071 427 1245 483 missa
1295 427 1363 485 de

151 498 348 569 Cruce,
378 508 427 556 et
464 500 532 556 in
569 501 740 556 missa
777 500 936 559 Salus
975 503 1183 580 populi,
1211 514 1261 562 et
1295 506 1363 563 de

145 577 317 647 Pace,
337 586 387 633 et
407 578 474 634 de
490 579 699 634 coeteris
719 577 1359 654 Commemorationibus‚

110 655 402 734 “videlicet
434 656 584 713 inter
609 655 1087 732 Septuaqesimam
1126 667 1176 717 et
1212 661 1358 718 Pas-

144 733 251 789 cha
319 741 559 804 tantum,
614 742 663 791 et
715 735 782 791 in
819 737 1005 792 missis
1046 737 1114 794 de
1166 748 1360 796 sancta

1479 428 1706 487 Clerici.
2616 435 2680 491 V.

1546 507 1777 560 Ostende
1802 508 1969 577 nobis,
1999 510 2241 579 Domine,
2269 511 2681 566 misericordiam

1477 581 1628 630 tuam
1659 598 1670 630 :
1697 585 1751 631 et
1780 580 2013 633 salutare
2049 585 2206 634 tuum
2244 582 2313 634 da
2343 584 2541 636 nobiae

1474 655 1525 704 et
1538 650 1792 723 finiatur
1813 671 1848 706 a
1869 651 2046 709 choro.
2118 650 2346 709 Deinde
2372 655 2563 714 clerici
2589 658 2679 713 in>-

1472 727 1693 802 cipiant
1720 727 1986 805 Alleluya
2012 730 2130 786 sine
2149 740 2449 806 pneumate
2475 756 2493 790 .·
2533 737 2680 811 quod

143 810 370 881 Maria,
398 812 500 868 ubi
533 834 647 869 920„
672 821 851 888 Potest
887 815 1080 871 haben·
1116 814 1357 892 sequen..
1459 824 1569 879 per
1615 813 1789 862 totum
1836 827 2051 863 annum
2098 809 2402 866 observetur
2453 815 2678 886 quando

142 889 250 958 tia,
288 910 386 946 nec
426 888 640 947 Cantus
681 892 793 948 loco
829 891 1197 967 Sequentioe.*
1277 894 1358 952 In

140 968 332 1023 missis
350 977 474 1025 vero‘
491 969 842 1044 quotidianis
854 970 919 1026 de
935 979 1128 1027 sancta
1147 972 1355 1030 Anaria

139 1046 345 1120 sufficit
377 1047 526 1121 quod
557 1047 826 1103 habeatur
865 1047 1076 1105 Cantus
1110 1050 1222 1107 loco
1254 1050 1353 1109 Se·-

139 1124 400 1197 quentioe,
427 1124 636 1181 scilicet
662 1125 728 1181 in
760 1124 992 1201 Capella
1018 1127 1316 1202 ejusdem*

218 1201 383 1257 Dum
425 1197 622 1258 Versus
658 1202 933 1260 Gradalis
965 1206 1209 1277 canitur,
1237 1208 1349 1263 duo

136 1278 206 1334 de
248 1280 533 1355 superiori
565 1281 751 1355 yradu
791 1282 869 1338 ad
909 1281 1176 1359 Alleluya
1214 1305 1347 1341 can-

135 1357 378 1414 tandum
438 1379 609 1433 capas
665 1359 869 1416 sericas
932 1383 986 1417 se
1041 1362 1346 1438 induant‚†

134 1442 187 1490 et
234 1435 315 1491 ad
366 1436 672 1512 Pulpitum
714 1458 823 1512 per
874 1439 1122 1495 medium
1173 1439 1349 1497 Ultori

134 1513 464 1591 acceclant.‡
530 1514 701 1571 Dicto
722 1535 846 1571 vero
883 1516 1052 1573 Versu
1071 1515 1347 1574 Gradalis

122 1591 303 1665 pueri
329 1592 534 1648 iterum
549 1592 834 1668 incipiant
858 1593 1123 1665 Gradale,
1147 1603 1196 1651 et
1212 1616 1346 1671 per·-

131 1676 390 1725 cantetur
430 1690 467 1725 a
506 1671 685 1741 cliorO,
714 1679 777 1727 ut
808 1692 983 1747 supra
1009 1673 1224 1730 dictum
1250 1682 1341 1730 est.

130 1745 420 1821 Sequatur
447 1746 730 1823 Alleluya.
817 1749 1031 1807 Chorus
1071 1751 1221 1807 idem
1260 1773 1346 1809 re-

122 1832 287 1899 petat
311 1833 364 1881 et
378 1835 751 1902 prosequatur
776 1848 901 1884 cum
919 1829 1266 1904 pneumate.¹‘

127 1961 158 1988 ὃ
196 1952 459 2024 Alleluya
484 1953 568 2007 94.
596 1954 681 2007 26.
711 1953 794 2008 57.

124 2024 154 2061 ¹³
203 2025 350 2093 quod
397 2042 493 2095 per
539 2031 713 2078 totum
774 2043 982 2078 annum
1042 2028 1347 2081 observetur

124 2095 349 2163 quando
396 2096 645 2163 Alleluya
680 2095 891 2164 dieitur,
932 2096 1035 2148 nisi
1072 2099 1288 2166 quando
1311 2117 1344 2151 a

127 2165 367 2218 Cantore
404 2166 677 2237 incipitur,
718 2174 779 2219 ut
813 2167 870 2219 in
911 2167 1084 2220 missis
1121 2186 1243 2237 quae
1280 2169 1338 2221 in

196 2287 234 2319 ’κ’
279 2288 513 2341 Gradale
547 2293 593 2341 et
626 2306 758 2341 suus
792 2289 982 2342 Versus
1016 2296 1255 2343 cantetur
1277 2292 1338 2344 in

115 2359 335 2426 pulpito
371 2376 407 2410 a
442 2360 643 2411 duobus
675 2362 855 2427 pueris
883 2363 944 2411 in
967 2363 1338 2429 superpelliciis

116 2430 274 2481 omni
309 2429 397 2481 die
425 2429 707 2482 Dominica
735 2447 839 2497 per
869 2447 1089 2498 annum,
1124 2433 1337 2501 quando

114 2499 184 2551 de
207 2500 478 2551 dominica
512 2500 696 2567 aqitur
718 2506 764 2552 et
786 2502 978 2569 duplex
1001 2500 1206 2570 festum
1229 2521 1335 2555 non

96 2567 291 2637 fuerit
311 2590 328 2621 :
367 2575 414 2622 et
438 2570 669 2640 infestis
691 2572 1013 2638 simplicibus
1035 2577 1146 2624 tam
1169 2574 1337 2625 trium

113 2658 285 2709 quam
320 2658 498 2692 novem
522 2641 809 2706 lectionum,
849 2643 909 2693 in
942 2642 1130 2711 quibus
1152 2642 1338 2695 chorus

113 2712 353 2778 reqitur;
385 2716 434 2763 ct
456 2713 616 2763 etiam
638 2713 700 2763 in
724 2712 827 2763 Die
857 2712 1042 2765 Coenae.
1132 2713 1204 2765 In
1235 2714 1338 2767 Die

113 2798 233 2833 vero
246 2783 603 2834 animaruma
618 2783 786 2834 tribus
807 2782 1018 2835 Clericis
1032 2784 1095 2835 de
1107 2800 1222 2835 secu
1228 2785 1336 2836 nola

97 2850 296 2919 forma
320 2853 513 2904 ibidem
544 2853 743 2905 dicitur
765 2852 949 2905 habitu
972 2871 1079 2906 non
1114 2860 1328 2907 mutato,

114 2921 364 2991 Infestis
386 2928 565 2975 autem
586 2924 883 2990 duplicibus
905 2941 940 2976 a
964 2926 1132 2976 tribus
1170 2926 1331 2978 Cleri-

109 2994 189 3045 cis
212 2994 279 3045 de
298 2994 532 3045 secunda
554 2992 743 3062 forma
766 2996 826 3045 in
848 2996 996 3062 capis
1028 2996 1206 3047 sericis
1227 2997 1332 3048 loco

102 3065 368 3129 praedicto
416 3069 615 3116 servato
660 3065 872 3116 dicitur.
972 3065 1044 3117 In
1092 3067 1332 3117 omnibus

96 3131 263 3200 festis
287 3140 334 3186 et
343 3132 572 3203 firiiset
595 3136 657 3185 in
679 3136 928 3187 octaviset
944 3134 1100 3205 infra
1119 3137 1330 3205 quando

111 3203 303 3257 chorus
337 3223 448 3257 non
484 3206 697 3273 rantur,
732 3205 960 3258 Gradale
993 3207 1059 3258 ab
1095 3224 1203 3259 uno
1227 3208 1330 3259 solo

98 3292 275 3341 puero
310 3276 374 3327 in
412 3276 769 3343 superpellicio
806 3277 881 3327 ad
914 3278 1145 3344 qradzzm
1186 3276 1331 3329 chori

110 3346 425 3413 incipiatur,
467 3350 514 3397 et
545 3363 676 3397 suus
716 3345 907 3397 Versus
946 3348 1171 3399 dicatur.
1257 3347 1330 3400 In

91 3413 260 3484 festis
295 3434 410 3468 vero
446 3418 506 3467 in
530 3417 720 3485 quibus
743 3416 1117 3468 Invitatorium
1141 3435 1177 3470 a
1199 3418 1327 3469 duo-

105 3486 208 3537 bus
247 3491 511 3554 cantatur,
552 3492 599 3538 et
633 3487 694 3537 in
714 3488 906 3539 oetavis
941 3492 988 3539 et
1027 3487 1182 3558 infra
1216 3490 1330 3540 sine

102 3557 361 3624 reyimine
407 3556 564 3625 chori,
614 3556 815 3609 dicitur
866 3558 1095 3611 G‘radale
1129 3576 1165 3610 a
1200 3560 1326 3611 duo-

101 3627 208 3678 bus
237 3629 428 3694 pueris
468 3628 529 3679 in
571 3628 950 3695 superpelliciis
987 3629 1061 3680 ad
1097 3630 1329 3697 =qradum

99 3696 266 3750 chori
344 3697 604 3767 Alleluya
639 3703 753 3749 vero
792 3715 828 3749 a
859 3699 1061 3750 duobus
1108 3697 1324 3751 Clerici-s

96 3768 171 3821 de
193 3769 422 3821 secunda
430 3766 634 3837 firma,
651 3769 755 3820 loco
778 3772 826 3820 et
847 3768 1029 3821 habitu
1041 3770 1323 3837 praedictis

23 3839 35 3844 “
97 3839 581 3892 servatis—Grae

251 3909 325 3961 In
350 3907 977 3962 vestimentari0.—Grad.

257 3980 686 4049 Quandocunque
717 3979 856 4031 enim
886 3980 1086 4032 dieitur
1129 3980 1320 4033 Versus

101 4048 369 4102 Gradazis
387 4051 450 4101 in
467 4050 690 4118 Pulpito
707 4066 743 4101 a
760 4050 962 4102 duobus
969 4051 1173 4118 pueris,
1192 4056 1320 4104 tunc

94 4119 309 4172 dici'tur
368 4119 628 4190 Alleluya
673 4121 864 4172 ibidem
913 4137 950 4173 a
1005 4121 1209 4174 duobus
1255 4122 1319 4174 dc

93 4190 371 4259 superiori
412 4191 595 4259 yradu
635 4190 697 4242 in
745 4191 893 4258 capis
939 4192 1130 4260 sericis,
1178 4192 1320 4261 (nisi

94 4258 261 4331 infra
296 4265 499 4313 octavas
532 4277 654 4312 cum
689 4260 890 4329 reqitur
923 4261 1149 4325 chorum
1193 4267 1320 4315 tunc

92 4332 248 4384 enim
270 4331 470 4383 dicitur
493 4329 753 4400 Alleluya
775 4347 812 4383 a
839 4331 1144 4385 Rectoribus
1179 4332 1323 4384 chori

92 4402 214 4453 loco
251 4405 299 4453 et
344 4400 527 4454 habitu
564 4401 839 4469 praedictis
885 4404 1100 4455 servatis
1121 4403 1173 4471 :)
1214 4404 1322 4456 duo

88 4471 278 4525 deria·
333 4475 589 4605 cantent2
599 4470 705 4540 hoc,
760 4471 988 4526 videlicet
1048 4472 1318 4545 Alleluya.

1469 882 1684 939 dicitur
1723 883 2023 959 Sequentia
2065 887 2343 966 tantum.§
2435 889 2676 959 Quando

1467 980 1593 1016 vero
1610 983 1722 1018 non
1738 962 1968 1020 liabetur
1978 963 2296 1039 Sequentia,
2318 975 2445 1023 tunc
2462 968 2676 1026 dicitur

1456 1059 1707 1113 pneuma
1750 1060 1788 1095 a
1828 1048 1935 1098 toto
1962 1043 2122 1100 choro
2139 1051 2268 1118 post
2293 1046 2673 1121 repetitionem

1464 1114 1740 1193 Alleluya.
1822 1118 2023 1178 Finito
2089 1120 2355 1198 Alleluya
2411 1134 2674 1200 sequatur

1462 1193 1821 1274 Sequentia.§

1462 1294 1515 1329 a.
1547 1273 1705 1331 Salus
1734 1289 1966 1346 aeterna,

1539 1352 1865 1411 indeficiens
1894 1354 2090 1411 mundi
2122 1356 2252 1426 vita,

1461 1449 1515 1484 a.
1547 1430 1679 1487 Lux
1710 1431 2073 1508 sempiterna,

1539 1516 1598 1565 et
1624 1508 1941 1585 redemptio
1969 1530 2099 1566 vere
2128 1519 2334 1581 nostra,

1461 1585 1507 1641 b.
1538 1585 1855 1643 Condolens
1883 1586 2129 1643 humana
2155 1590 2340 1664 perire
2368 1590 2531 1648 saecla

1539 1683 1641 1740 per
1667 1665 1942 1721 tentantis
1964 1666 2213 1735 numina,

1459 1740 1507 1797 b.
1538 1741 1674 1798 Non
1705 1742 1961 1819 linquens
1990 1744 2224 1814 excelsa,
2254 1745 2440 1803 adiisti
2471 1747 2586 1804 ima

1537 1822 1767 1898 propria
1790 1820 2102 1879 clementia.

1454 1948 1690 2017 capitulo
1736 1948 1992 2002 dicuntur
2038 1955 2092 2003 et
2140 1949 2198 2001 in
2247 1952 2664 2021 processionibus

1456 2020 1550 2071 ubi
1576 2019 1638 2071 fit
1662 2020 1997 2073 statie—26.
2026 2017 2186 2073 (had,

1456 2097 1479 2125 c
1516 2090 1607 2142 Ps.
1633 2089 1861 2144 lxxxiiii.
1885 2090 1991 2162 (85.
2018 2091 2089 2161 7.)

1457 2289 1660 2343 Chorus
1695 2292 1830 2344 idem
1872 2296 2066 2359 repetat
2100 2296 2148 2344 et
2173 2298 2528 2362 prosequatur
2567 2297 2655 2362 sie,

1451 2358 1721 2431 Alleluya.
1802 2362 1950 2425 Quod
1980 2379 2082 2430 per
2122 2368 2287 2414 totum
2328 2381 2535 2416 annum
2575 2367 2656 2417 ob-

1448 2437 1675 2483 servetur
1722 2433 1933 2501 quando
1981 2432 2238 2502 Alleluya
2278 2432 2507 2502 liabetur,
2549 2437 2659 2487 nisi

1449 2503 1661 2569 quando
1684 2520 1720 2554 a
1750 2503 1969 2555 Cantore
1993 2503 2265 2571 incipitur,
2294 2509 2356 2555 ut
2390 2505 2451 2555 in
2483 2506 2659 2557 missis

1449 2588 1567 2639 quae
1609 2574 1669 2624 in
1709 2574 1937 2640 capitulo
1978 2574 2234 2625 dicuntur
2273 2579 2320 2625 et
2360 2575 2422 2625 in
2457 2592 2656 2642 proces-

1447 2642 1682 2694 sionibus
1735 2644 1827 2694 ubi
1869 2643 1950 2711 fit
2001 2645 2168 2696 statio,
2267 2643 2491 2696 Interim
2543 2663 2656 2697 vero

1442 2714 1602 2778 pueri
1655 2718 1887 2764 cantores
1946 2731 2121 2766 versus
2176 2715 2410 2782 qradum
2464 2716 2656 2767 altaris

1447 2782 1762 2835 inclinatu-ri
1813 2784 2035 2836 redeant.
2133 2784 2206 2836 In
2255 2786 2494 2837 omnibus
2542 2803 2655 2837 vero

1430 2852 1591 2921 festis
1614 2854 1909 2920 duplicibus
1931 2859 2070 2905 stare
2090 2854 2269 2905 debent
2291 2871 2464 2906 omnes
2487 2855 2657 2906 clerici

1444 2925 1575 2975 dum
1611 2941 1647 2976 a
1686 2923 1836 2975 choro
1873 2923 2131 2993 Alleluya
2163 2928 2445 2975 cantatur:
2496 2925 2654 2977 etiam

1443 2995 1505 3045 in
1552 2995 1637 3046 die
1677 2993 1899 3046 Paschae
1945 2995 2018 3045 ad
2080 2994 2268 3045 Versus
2317 3011 2436 3045 cum
2484 2995 2653 3047 tribus

1442 3065 1624 3116 diebus
1669 3065 2008 3133 sequentibus.
2083 3064 2253 3116 Pueri
2300 3081 2412 3115 vero
2454 3081 2655 3133 semper

1441 3140 1571 3187 sunt
1604 3140 1797 3187 stantes
1831 3134 1981 3186 choro
2013 3140 2257 3187 canente:
2295 3140 2506 3186 rectores
2540 3153 2653 3187 vero

1442 3203 1614 3258 clerici
1633 3205 1854 3274 (chori)
1874 3222 1993 3257 cum
2017 3206 2122 3258 duo
2146 3209 2354 3257 tantum
2379 3204 2648 3273 habentur,

1440 3281 1733 3345 sequuntur
1752 3294 1855 3343 per
1882 3276 2063 3327 omnia
2095 3277 2330 3344 requiam
2352 3276 2651 3329 clericorum

1440 3347 1504 3398 de
1531 3347 1759 3398 secunda
1779 3344 1969 3415 forma
1993 3351 2102 3398 tam
2126 3347 2199 3399 ad
2222 3364 2455 3414 vesperas
2490 3365 2651 3417 quam

1439 3418 1514 3468 ad
1536 3417 1829 3469 matutinas
1843 3422 1890 3469 et
1907 3418 2137 3484 missam,
2161 3418 2270 3469 nisi
2293 3418 2431 3487 quod
2452 3435 2651 3485 semper

1438 3488 1569 3539 dum
1602 3486 1786 3538 chorus
1816 3487 2073 3558 Alleluya
2103 3489 2262 3557 canit,
2301 3493 2440 3541 stare
2475 3494 2645 3541 tenn-

1437 3557 1661 3610 tur.—G
1669 3557 1778 3610 rad.

1513 3627 1541 3749 ξ
1592 3628 1663 3680 In
1709 3625 1870 3698 festis
1928 3633 2116 3697 tamen,
2180 3630 2390 3698 quando
2449 3629 2649 3680 dicitur

1441 3697 1516 3749 Al
1542 3697 1712 3767 eluya.
1747 3698 1804 3750 V.
1826 3697 2081 3767 Laudate,
2104 3699 2268 3769 pueri,
2295 3715 2492 3766 semper
2513 3699 2645 3750 diei-

1434 3768 1813 3838 tur-Alleluya
1847 3786 1884 3821 a
1919 3770 2122 3822 duobus
2146 3770 2336 3837 pueris
2367 3770 2429 3820 in
2464 3785 2645 3835 super-

1421 3840 1650 3907 pelliciis
1685 3840 1758 3891 ad
1787 3840 2019 3907 qradum
2054 3839 2211 3892 chori.
2305 3838 2563 3891 Similiter
2600 3844 2647 3891 et

1431 3910 1716 3962 secundum
1763 3910 1866 3961 loco
1908 3914 1956 3962 et
1995 3909 2179 3961 habitu
2204 3908 2495 3975 praedictis.
2570 3908 2647 3961 Et

1431 3980 1591 4032 etiam
1608 3981 1669 4031 in
1687 3981 1892 4032 sabbato
1910 3978 2239 4032 hebdomades
2261 3978 2496 4031 Paschae.
2572 3979 2611 4030 I
2607 3998 2644 4031 n

1429 4050 1627 4102 coeteris
1651 4048 1809 4120 festis
1844 4054 1891 4102 et
1914 4048 2081 4119 feriis
2108 4066 2211 4117 per
2245 4054 2409 4101 totum
2434 4065 2643 4101 annum

1429 4125 1669 4173 cantetur
1710 4120 1896 4172 Allelu
1934 4138 1967 4173 a
2000 4122 2067 4172 ab
2099 4136 2207 4172 uno
2243 4121 2347 4171 solo
2378 4137 2548 4188 puero
2582 4120 2644 4172 in

1429 4191 1883 4331 &fiam-12
1904 4190 2646 4329 ωἵῖἵέἴεᾝέἵῗᾱαέῗῖἑῖἓ

1433 4331 1751 4383 inclinatur-i
1784 4332 2032 4384 redeant:
2082 4331 2267 4384 deinde
2312 4332 2387 4384 ad
2427 4331 2642 4383 vestibu-

1433 4402 1548 4454 lum
1594 4401 1667 4453 ad
1707 4418 1868 4469 capas
1913 4402 2104 4454 sericas
2150 4402 2411 4454 eaeuendas
2445 4404 2640 4453 exeant.

1437 4471 1718 4542 Sequentia
1740 4470 1832 4524 hoc
1854 4470 2254 4527 moda—GM.
