2975 5009
146 234 252 300 333
293 248 512 298 reum
544 248 643 297 v1.
692 247 771 298 m
804 245 1247 296 PARAsosvss.

134 406 229 481 fiat
261 406 326 464 in
364 404 761 483 ResponsoriO,
796 401 1018 474 Sepulto
1042 398 1329 454 Domina*

148 482 335 542 Chorus
376 491 755 562 prosequatur
799 503 928 541 cum
971 502 1072 539 suo
1133 479 1331 550 Versu,

145 564 526 637 qenuflecterulo
551 562 810 620 continue
849 580 1022 637 usque
1061 560 1126 617 in
1149 560 1332 635 finem

152 641 362 697 servitii.
1322 683 1325 684 ν

214 716 431 776 Deinde
456 718 741 776 incensato
766 715 1052 793 sepulchro
1072 722 1123 771 et
1147 713 1336 772 clauso

151 797 270 856 ostio
312 796 559 873 incipiat
604 796 756 852 idem
797 794 1050 851 sacerdos
1087 793 1336 869 Respon-

151 875 358 946 sorium,
399 880 636 952 Sepulto.
738 872 952 931 Chorus
992 879 1173 929 cantet
1210 890 1340 927 cum

150 974 235 1011 suo
268 952 446 1010 Versu.
529 950 637 1008 Ad
661 952 800 1009 istas
827 958 935 1007 tres
974 948 1338 1025 Antiphonas

151 1031 483 1108 qenuflectent
498 1030 613 1087 duo
621 1028 890 1107 praedicti
903 1027 1339 1085 sacerdotescon-

153 1111 305 1167 tinue.
369 1108 640 1167 Sacerdos
663 1107 911 1183 incipiat
924 1105 1337 1182 Antiphonam,

152 1194 209 1247 In
260 1196 431 1249 Paeo-⁸
553 1184 767 1244 Chorus
823 1191 1217 1261 prosequatur,
1281 1189 1341 1242 in

153 1273 381 1347 idipsum.
461 1266 611 1324 Item
649 1262 902 1320 sacerdos
927 1261 1341 1337 Antiphonam,

154 1353 213 1407 In
236 1370 354 1424 paee
372 1355 549 1409 factus
563 1355 659 1403 est.
725 1341 944 1398 Chorus
950 1347 1343 1415 prosequatur,

153 1429 283 1485 locus
326 1433 456 1503 ejus.
565 1420 715 1479 Item
763 1417 1015 1476 sacerdos
1055 1417 1342 1494 Antipho·

156 1523 291 1573 nam,
331 1509 465 1562 Caro
501 1523 636 1560 mea.
709 1495 924 1555 Chorus
972 1503 1348 1572 prosequatur

159 1581 431 1650 requiescet
453 1577 516 1630 in
540 1574 714 1648 spen·

228 1652 333 1708 His
346 1649 557 1727 finitis,
586 1655 636 1705 et
662 1644 832 1703 dictis
876 1642 1239 1701 Orationibus
1269 1643 1348 1700 ad

153 1729 413 1806 placitum
439 1733 634 1785 secrete
654 1725 725 1782 ab
751 1722 1006 1780 omnibus
1025 1741 1153 1778 cum
1177 1742 1350 1796 qenu-

150 1809 388 1882 flexione,
416 1804 673 1863 omnibus
699 1801 836 1859 aliis
857 1799 934 1857 ad
956 1799 1180 1855 libitum
1206 1820 1349 1857 rece-

160 1886 410 1956 dentibus,
439 1883 640 1941 ordine
670 1901 785 1938 non
823 1885 1056 1947 servate,
1084 1877 1352 1934 reinduat

161 1963 391 2021 sacerdos
416 1961 688 2030 casulam,
717 1965 768 2015 et
793 1957 979 2015 eodem
1019 1955 1218 2012 ordine
1245 1976 1352 2031 quo

163 2041 368 2098 accessit
391 2041 459 2098 in
476 2037 775 2115 principio
799 2033 1025 2093 servitii
1061 2053 1190 2089 cum
1222 2034 1354 2090 dia-

162 2140 282 2177 cono
308 2127 356 2177 et
380 2116 718 2175 subdiacono
744 2122 795 2172 et
820 2111 1030 2171 coeteris
1070 2111 1355 2169 ministris

164 2197 353 2254 altaris
377 2194 650 2254 abscedat.

232 2275 457 2333 Exinde
477 2271 697 2329 ardebit
723 2267 980 2327 continue
1000 2287 1148 2324 unus
1174 2287 1357 2324 cereus

165 2354 235 2410 ad
276 2354 462 2411 minus
499 2358 629 2408 ante
671 2347 1023 2424 sepulchrum
1064 2364 1235 2420 usque
1281 2344 1359 2401 ad

163 2431 546 2509 processionem
582 2447 704 2504 quae
728 2427 806 2501 fit
840 2424 907 2481 in
941 2422 1360 2479 Resurrectione

167 2509 464 2567 Dominica
499 2508 567 2564 in
592 2506 686 2562 die
710 2502 963 2562 Paschae.
1046 2499 1146 2558 Ita
1174 2507 1362 2557 tamen

178 2587 317 2664 quod
335 2587 473 2643 dum
493 2584 760 2643 Psalmus
777 2579 1118 2639 Benedictus
1135 2578 1363 2635 canitur

167 2674 211 2723 et
252 2674 446 2723 coetera
492 2682 621 2739 quoe
663 2666 968 2736 sequwntur
1007 2656 1075 2714 in
1118 2656 1365 2732 sequenti

167 2753 323 2816 vwcte,
371 2742 750 2816 eaetinquatur.
857 2734 1140 2794 Similiter
1186 2735 1364 2791 extin-

168 2831 363 2897 9uatur
387 2821 456 2878 in
504 2817 723 2894 Viqilia
762 2814 997 2873 Pasclwe
1034 2813 1174 2870 dwm
1213 2813 1365 2870 bene-

169 2901 371 2957 dicitur
402 2918 578 2957 novus
612 2897 640 2953 i
673 2895 766 2953 nis
800 2912 971 2968 usque
1004 2892 1144 2949 dum
1176 2911 1365 2948 accen-

170 2978 332 3035 datur
378 2977 581 3037 Cereus
688 2970 930 3030 aschalis
975 2968 1165 3028 xxxvi.
1197 2968 1366 3045 pedes

171 3057 441 3114 continens
468 3055 535 3112 in
561 3049 929 3127 lonyitudine.

174 3387 200 3418 ⁸
230 3378 567 3450 Antiphone,
595 3375 669 3428 In
680 3389 815 3443 pace
832 3370 1023 3443 faetus
1045 3373 1134 3423 est.
1208 3366 1373 3421 Anti-

173 3451 359 3560 phone,
390 3450 530 3504 Caro
554 3443 826 3499 mea—92.
853 3442 939 3495 94.
966 3441 1051 3496 97.
1079 3439 1165 3493 98.

231 3517 578 3592 (longi-egetis
611 3514 815 3569 clericis
849 3514 908 3565 in
932 3513 1091 3565 choro
1126 3510 1375 3578 dictaque
1478 3503 1497 3541 ἵ

176 3592 303 3647 hora
326 3586 647 3645 nona—97.
679 3585 764 3638 13.
790 3584 876 3638 26.
905 3582 1066 3637 Grad.

177 3672 201 3702 ⁰
233 3680 343 3717 non
365 3661 573 3715 habent
597 3656 682 3710 92.
711 3655 796 3709 94.
824 3654 908 3709 97.
938 3652 1023 3706 98.

177 3802 210 3837 ἦ
242 3801 465 3873 Sepulto
500 3797 733 3852 Domino
765 3795 1038 3864 signatum
1072 3796 1153 3846 est
1191 3807 1381 3843 monu-

1659 242 1982 292 sABBAwo
2029 241 2324 292 sAncrO.
2514 230 2644 293 334

1533 399 1856 474 Sabbato
1905 399 2180 474 Sancto
2234 403 2315 474 in
2379 401 2645 498 Viqilia

1436 501 1754 573 Paschae.

1518 601 1544 636 ¹>
1567 598 1601 676 †
1630 598 1835 656 Primo
1850 600 1967 675 fiat
1995 598 2295 655 benedictio
2326 598 2479 674 iqnis
2502 598 2536 676 †
2579 600 2649 658 ab

1437 684 1712 735 executore
1748 676 1920 752 officii
1956 676 2156 733 induto
2196 678 2429 734 vestibus
2468 698 2648 735 sacer-

1439 754 1718 812 dotalibus
1757 775 1884 811 cum
1920 775 1984 812 ca
2028 775 2064 810 a
2103 754 2281 812 serica
2299 778 2323 827 ,·
2376 756 2648 813 diaconus

1439 832 1751 890 dalmatica
1778 840 1827 889 et
1858 834 1957 890 sub
2001 833 2227 889 iaconus
2255 834 2448 890 tunica
2475 833 2649 890 indu-

1442 919 1632 982 antur,
1688 931 1815 967 cum
1861 911 2069 968 coeteris
2114 910 2397 969 ministris
2445 912 2649 969 altaris

1443 989 1587 1045 albis
1631 1001 1657 1030 ⁰
1684 1009 1812 1045 cum
1864 989 2159 1046 amictibus
2186 1003 2211 1032 ⁰
2246 989 2482 1061 indutis,
2530 990 2652 1048 sine

1445 1066 1675 1137 lumine,
1705 1068 1735 1107 (ἱ
1761 1087 1888 1123 cum
1909 1070 1938 1109 ἅ
1964 1067 2131 1124 cereis
2170 1074 2221 1124 et
2259 1068 2379 1125 sine
2418 1088 2576 1126 cruce
2601 1077 2652 1126 et

1443 1145 1563 1202 sine
1582 1145 1711 1220 iqne
1739 1144 1804 1202 in
1825 1144 2123 1203 thuribulo.
2208 1144 2461 1215 Quidam
2481 1146 2654 1204 etiam

1445 1222 1513 1279 de
1526 1223 1726 1299 prima
1736 1222 1932 1299 forma
1951 1222 2018 1280 in
2037 1223 2423 1300 superpellicio
2441 1245 2655 1282 cereum

1445 1301 1747 1358 extinctum
1786 1321 1952 1377 super
1984 1301 2206 1358 hastam
2236 1302 2526 1378 quandam
2561 1302 2655 1360 de·

1429 1376 1622 1454 serens
1638 1386 1688 1435 et
1703 1384 1725 1409 θ
1741 1378 2141 1458 processionem
2162 1393 2187 1422 Θ
2204 1379 2520 1455 praecedens
2527 1388 2657 1457 post

1438 1457 1771 1533 portitorem
1791 1476 1951 1531 aquoe
1968 1455 2257 1514 benedictae
2272 1479 2382 1533 per
2406 1458 2658 1515 medium

1449 1534 1608 1591 chori
1642 1534 1720 1590 ad
1758 1554 1964 1589 novum
2002 1532 2190 1607 iqnem
2230 1535 2658 1594 benedicendum

1441 1610 1929 1689 processionaliter
1994 1619 2099 1682 eat,
2177 1612 2339 1669 choro
2410 1621 2659 1689 sequente

1449 1690 1649 1748 habitu
1687 1710 1800 1746 non
1838 1695 2051 1745 mutato
2073 1709 2097 1759 ,⁹
2136 1696 2187 1745 et
2223 1690 2302 1746 ad
2340 1690 2661 1748 columnam

1451 1788 1518 1825 ex
1559 1775 1727 1845 parte
1787 1766 2032 1823 australi
2068 1765 2242 1841 juxta
2290 1766 2511 1843 fontem
2560 1768 2662 1826 ubi

1452 1844 1705 1903 sacerdos
1753 1852 2000 1902 executor
2045 1844 2218 1919 officii
2266 1845 2454 1920 iqnem
2507 1847 2659 1904 bene·

1454 1923 1611 1981 dicat
1637 1922 1740 1999 qui
1766 1922 2103 1979 accendatur
2141 1922 2351 1979 ibidem
2374 1944 2397 1994 ;
2450 1925 2661 1981 scilicet

1454 2002 1521 2059 in
1568 2000 1752 2084 medio
1803 2000 1952 2057 inter
2001 1999 2146 2056 duas
2198 2001 2500 2058 columnas.
2583 2001 2663 2059 In

1455 2079 1636 2138 eundo
1674 2099 1800 2136 vero
1836 2078 2051 2135 dicitur
2088 2077 2190 2136 iste
2231 2077 2518 2151 Psalmus,
2547 2079 2666 2138 Do-

1458 2158 1645 2215 minus
1684 2155 2042 2228 illuminatio,
2090 2157 2211 2215 sine
2256 2165 2389 2215 nota
2443 2165 2494 2216 et
2544 2158 2667 2216 sine

1462 2233 1662 2295 Gloria
1701 2235 1878 2294 Patri.

1539 2313 1560 2344 ¹
1581 2312 1709 2371 Hoc
1747 2312 1911 2370 modo
1944 2312 2062 2387 fiat
2108 2312 2277 2369 statio
2329 2312 2410 2369 ad
2460 2314 2665 2389 iqnem.

1461 2390 1732 2453 Sacerdos
1746 2391 1918 2467 juxta
1946 2390 2132 2466 iqnem
2153 2398 2270 2461 stet,
2300 2391 2378 2449 ad
2405 2393 2671 2451 orientem

1463 2490 1768 2540 conversus,
1824 2477 1873 2526 et
1927 2467 2005 2524 ad
2054 2469 2352 2526 sinistrum
2403 2470 2520 2545 ejus
2571 2478 2671 2529 stet

1462 2547 1776 2618 diaconus;
1814 2545 2186 2604 subdiaconus
2227 2568 2353 2605 vero
2390 2548 2469 2604 ad
2502 2549 2670 2606 sinis-

1463 2633 1618 2683 trum
1643 2624 1891 2682 diaconi.
1979 2623 2366 2700 Cerofhrarius
2405 2646 2553 2683 unus
2578 2634 2677 2684 stet

1464 2703 1741 2761 sacerdoti
1764 2701 2047 2778 oppositus
2064 2723 2088 2772 ,·
2116 2702 2195 2758 ad
2220 2702 2503 2760 deaeteram
2529 2725 2674 2761 cero-

1451 2779 1672 2857 feo-arii
1702 2800 1850 2855 puer
1888 2787 2071 2835 tenens
2107 2779 2317 2838 librum
2352 2782 2678 2857 proximior

1466 2857 1758 2915 sacerdoti.
1846 2855 2028 2913 Alius
2075 2865 2263 2915 autem
2312 2858 2677 2933 ceroferarius

1467 2943 1572 2993 stet
1624 2942 1770 2993 retro
1821 2932 2172 2991 sacerdotem.
2272 2935 2377 2993 Ad
2420 2936 2678 2994 deoetrum

1469 3012 1712 3090 ejusdem
1743 3010 2068 3088 ceroferarii
2104 3019 2203 3069 stet
2232 3013 2479 3090 portitor
2518 3034 2680 3090 aquoe

1460 3090 1786 3169 proximior
1810 3088 2099 3159 sacerdoti,
2118 3098 2167 3147 et
2182 3091 2382 3148 ultimo
2400 3092 2513 3149 loco
2533 3101 2680 3149 retro

1471 3190 1656 3227 omnes
1677 3190 1715 3226 a
1730 3176 1898 3246 parte
1938 3165 2272 3227 occidentali
2305 3177 2406 3226 stet
2434 3170 2684 3246 portitor

1471 3248 1645 3306 hastae
1686 3268 1813 3306 cum
1854 3266 2019 3303 cereo.
2090 3245 2176 3304 Et
2221 3268 2287 3305 ex
2318 3255 2487 3325 parte
2528 3247 2681 3324 iqnis

1474 3362 1503 3400 ἅ
1539 3361 1775 3415 in.--92.
1803 3360 1887 3414 94.
1914 3359 1998 3414 97.
2026 3358 2114 3411 98.

1477 3443 1501 3471 e
1575 3430 1969 3486 tmeseia—92.
1996 3429 2081 3483 98.
2108 3421 2205 3475 4Ιι.
2235 3420 2318 3474 13.
2347 3420 2431 3475 57.
2471 3419 2633 3474 Grad.

1587 3504 1803 3557 mnibus
1826 3500 2089 3554 ministris
2116 3494 2218 3547 rite
2242 3490 2511 3562 dispositis
2546 3490 2687 3545 cirea

1477 3575 1675 3646 ignem,
1692 3579 1941 3628 executor
1964 3568 2115 3625 officii
2139 3561 2456 3618 dicat—92.
2485 3560 2569 3614 94.
2598 3559 2683 3614 98.

1479 3785 1655 3839 cerdos
1676 3784 1821 3837 dicat
1843 3779 2230 3850 Antiphonam,
2256 3774 2326 3827 In
2363 3789 2492 3845 pace
2510 3770 2690 3855 faetus

177 3879 435 3928 mentum.
509 3869 802 3922 Volventes
831 3864 1063 3935 lapidem
1093 3862 1163 3915 ad
1187 3861 1383 3914 ostium
1483 3862 1579 3910 est.
1658 3854 1861 3908 Chorus
1884 3854 2251 3921 prosequatur,
2278 3845 2448 3899 Locus
2476 3858 2607 3912 eme,
2634 3846 2693 3894 et

177 3940 530 3998 monumenti.

178 4014 412 4068 todirent
435 4009 590 4063 illud.
678 4008 736 4061 V.
776 4006 859 4060 Ne
881 4005 1017 4059 forte
1035 4002 1258 4057 veniant
1281 4002 1386 4054 dis-

179 4083 344 4206 cilpuli
383 4081 504 4152 ejus
544 4086 601 4134 et
638 4078 888 4132 furentur
928 4091 1068 4142 eum,
1113 4077 1169 4126 et
1205 4071 1390 4125 dicant
1486 4066 1723 4138 quiescet
1756 4065 1817 4117 in
1852 4080 1960 4134 spe.

178 4170 217 4226 1>

605 3939 874 3992 Ponentes
908 3934 1107 3987 milites
1142 3931 1235 4001 qui
1272 3948 1387 3984 cus-

1484 3926 1545 3980 in
1586 3925 1731 3996 Syon
1768 3923 2034 3978 habitatio
2068 3920 2200 3991 ejus.
2274 3915 2524 3970 Sacerdos
2546 3913 2692 3965 dicat

1485 3995 1870 4065 Autumnum,
1916 3993 2051 4046 Caro
2094 4007 2227 4044 mea.
2330 3985 2549 4050 Chorus,
2588 3981 2690 4036 Re-

2057 4061 2153 4114 Ad
2185 4061 2318 4113 istas
2351 4053 2694 4123 Antiphonas

235 4154 336 4222 ehi,
355 4150 602 4208 Surrexit
623 4167 656 4203 a
681 4146 920 4201 mortuis.
982 4145 1266 4198 Ponentes.
1318 4142 1393 4194 Et
1480 4136 1826 4221 yenufhctent
1849 4133 2103 4202 praedicti
2135 4131 2242 4184 duo
2263 4127 2545 4183 sacerdotes
2574 4140 2693 4177 con·

182 4224 366 4277 clamas
393 4224 751 4292 prosequatur
784 4222 950 4270 totum
982 4216 1217 4283 Respons

183 4312 302 4347 cum
336 4310 432 4346 suo
479 4292 662 4345 Versu.
734 4288 937 4342 Ibidem
975 4286 1118 4338 dicat
1153 4284 1392 4337 sacerdos
1488 4278 1528 4349 †
1562 4276 1825 4345 Inprimis
1847 4277 1930 4326 eat
1959 4272 2214 4342 processio
2235 4284 2399 4341 usque

1215 4213 1390 4266 orium
1486 4203 1886 4263 tinue—Grad.

2421 4267 2496 4320 ad
2527 4265 2696 4319 locum

184 4362 568 4432 Antiphonam,
585 4359 657 4412 In
672 4357 872 4430 paeein
886 4356 1136 4426 idipsum.
1193 4353 1394 4407 Chorus
1489 4349 1585 4403 ubi
1606 4362 1769 4401 novus
1792 4343 1935 4414 iynis
1957 4341 2330 4398 benedicendus
2351 4334 2678 4395 est—Grati.

186 4434 503 4504 respondeat,
526 4430 799 4488 Dormiam
817 4432 875 4484 et
890 4425 1231 4497 requiescam.
1293 4423 1393 4477 Sa-
