2975 5009
144 265 252 330 345

1007 279 1088 331 IN
1125 277 1451 329 sABBAwo
1481 279 1566 330 SA
1577 279 1777 330 NG‘I'O.

2522 264 2654 330 346

146 444 313 494 autem
337 432 519 493 Israel
542 442 925 512 perrexerunt
951 455 1057 514 per
1083 435 1334 495 medium
1441 437 1684 516 scriptus
1738 442 1826 495 est
1884 433 1946 492 in
2000 434 2117 493 vita
2162 433 2224 492 in
2270 434 2656 495 Hierusalem.

148 513 258 572 sicci
299 513 485 584 maris,
529 520 591 572 et
630 533 792 591 aquae
833 521 1001 573 erant
1047 514 1128 574 eis
1172 513 1331 592 quasi
1443 515 1506 575 Si
1552 514 1797 573 abluerit
1840 511 2119 571 Dominus
2164 512 2360 572 sordes
2410 512 2659 572 filiarum

181 611 237 650 ro
282 610 441 649 muro
489 610 526 648 a
575 589 796 650 dextris
849 599 909 650 et
962 612 998 650 a
1049 591 1289 651 sinistris
1314 613 1329 651 z

185 670 487 747 beravitque
516 667 795 726 Dominus
822 670 884 726 in
903 669 998 728 die
1024 669 1123 726 illa
1152 669 1331 727 Israel

150 747 210 806 de
242 766 401 804 manu
442 745 871 825 AEgyptiorum.
953 747 1034 806 Et
1068 748 1333 806 viderunt

154 825 431 904 AEgyptios
457 833 716 883 mortuos
742 844 911 903 super
951 824 1113 884 littus
1139 826 1334 896 maris,

155 910 202 960 et
222 922 441 959 manum
486 922 752 982 magnam
792 923 961 980 quam
1002 912 1338 963 exercuerat

156 980 405 1038 Dominus
431 990 632 1039 contra
657 1001 786 1040 eos:
815 981 1129 1058 metuitque
1157 1001 1337 1061 popu·

156 1057 228 1116 lus
249 1058 576 1130 Dominum,
606 1067 665 1118 et
692 1058 1063 1118 crediderunt
1088 1060 1339 1119 Domino

157 1144 206 1195 et
242 1136 424 1213 Moysi
468 1156 636 1195 servo
682 1138 821 1215 ejus.
900 1137 1107 1196 ⁸'l'unc
1139 1136 1342 1196 cecinit

159 1214 362 1290 Moyses
388 1222 448 1273 et
474 1213 585 1272 filii
615 1213 797 1274 Israel
824 1235 1050 1275 carmen
1079 1214 1185 1273 hoc
1221 1213 1342 1272 Do-

160 1291 308 1361 mine,
335 1300 393 1350 et
417 1291 711 1350 dixerunt.

228 1369 418 1428 Omnes
474 1369 716 1428 Tractus
768 1370 1040 1429 dicuntur
1090 1390 1129 1427 a
1182 1370 1344 1428 choro

163 1447 477 1520 alternatim,
595 1456 726 1506 aeter
749 1448 1017 1507 ultimwm
1055 1448 1344 1520 Tractwm,

164 1525 347 1583 scilicet
371 1469 680 1585 Langia?

233 1603 506 1661 TractuS.⁶

223 1679 504 1734 Cantemus
520 1679 766 1750 Domino,
783 1679 1007 1752 gloriose
1020 1680 1166 1735 enim
1185 1678 1351 1734 hono-

167 1748 379 1804 rificatus
401 1756 518 1817 est3
553 1767 754 1820 equum
791 1757 846 1805 et
883 1767 1210 1805 ascensorem
1235 1765 1354 1821 pro-

164 1819 277 1889 jecit
293 1820 347 1873 in
366 1838 520 1875 mare
539 1838 553 1886 3
579 1820 799 1891 adjutor
820 1827 875 1876 et
897 1827 1167 1894 protector
1182 1820 1357 1875 factus

169 1896 237 1944 est
256 1891 383 1944 mihi
405 1892 468 1944 in
495 1891 742 1945 salutem.

178 1960 229 2015 V.
289 1961 393 2016 Hic
411 1962 562 2016 Deus
579 1978 732 2015 meus
746 1966 802 2016 et
820 1959 1180 2016 honorificabo
1198 1978 1321 2015 eum
1340 1978 1353 2012 t

171 2030 294 2085 Deus
315 2031 495 2086 Patris
520 2030 629 2085 mei
653 2036 709 2086 et
730 2031 977 2086 exaltabo
1001 2049 1142 2086 eum.

180 2101 230 2155 V.
293 2101 559 2156 Dominus
581 2108 860 2158 conterens
882 2102 1054 2170 bella;
1093 2100 1359 2156 Dominus

171 2188 343 2226 nomen
366 2179 447 2227 est
471 2171 576 2227 illi.

237 2245 490 2302 Oremus.

240 2320 448 2380 Oratio·

238 2396 388 2458 Deus
413 2399 578 2477 cujus
608 2398 842 2477 antiqua
882 2398 1150 2457 miracula
1188 2397 1361 2458 etiam

175 2477 356 2536 nostris
414 2475 636 2538 saeculis
697 2496 985 2537 coruscare
1050 2476 1361 2548 sentimus3

175 2554 293 2612 dum
317 2557 472 2632 quod
513 2555 614 2612 uni
653 2554 861 2634 populo
900 2577 936 2614 a
974 2557 1364 2633 persecutione

177 2631 504 2712 AEgyptiaca
568 2632 861 2691 liberando
926 2634 1182 2693 dexterae
1248 2642 1365 2691 tuse

178 2713 471 2788 potentiam
525 2709 832 2784 contulisti,
888 2713 948 2769 id
998 2712 1073 2770 ad
1125 2710 1364 2771 salutem

180 2789 414 2867 gentium
487 2809 593 2869 per
657 2808 860 2868 aquam
926 2789 1368 2870 regenerationis

181 2870 412 2945 operaris
435 2889 451 2927 ε
500 2875 728 2959 praesta,
757 2887 1093 2945 quaesumus,
1120 2876 1187 2926 ut
1213 2874 1274 2927 et
1308 2868 1369 2924 in

182 2945 412 3006 Abrahae
433 2945 587 3005 flhos
613 2954 674 3005 et
697 2946 758 3003 in
790 2945 1159 3005 Israeliticam
1187 2945 1374 3024 digni·

183 3029 344 3159 tlatem
367 3025 547 3084 totius
566 3024 764 3082 mundi
785 3032 1038 3084 transeat
1058 3023 1370 3103 plenitudo.

229 3121 303 3160 er.

255 3177 444 3239 Lectio
474 3179 692 3238 tertias

254 3258 710 3338 Apprehendent
744 3266 962 3335 septem
1003 3257 1269 3317 mulieres
1294 3256 1377 3315 vi·

109 3340 117 3349 '
187 3354 301 3393 rum
320 3357 501 3395 unum
523 3336 582 3393 in
603 3335 698 3395 die
717 3335 832 3408 illa,
852 3336 1138 3409 dicentes;
1163 3333 1377 3395 Panem

189 3422 433 3473 nostrum
492 3414 868 3486 comedemuS,
923 3423 984 3474 et
1030 3413 1381 3474 vestimentis

190 3494 384 3552 nostris
410 3493 739 3571 operiemur
763 3515 778 3552 ε
806 3493 1206 3551 tantummodo
1225 3492 1383 3550 invo-

189 3578 336 3629 cetur
381 3590 596 3629 nomen
643 3581 805 3628 tuum
849 3590 1019 3649 super
1062 3590 1182 3641 noS,
1227 3568 1385 3628 aufer

191 3650 549 3726 opprobrium
577 3656 851 3707 nostrum.
932 3649 1004 3706 In
1033 3649 1127 3708 die
1153 3647 1252 3707 illa
1276 3648 1388 3706 erit

190 3744 419 3802 germen
471 3725 706 3784 Domini
751 3727 812 3783 in
865 3727 1291 3807 magnificentia
1330 3733 1389 3784 et

192 3803 381 3881 gloria,
432 3813 494 3863 et
534 3804 749 3862 fructus
794 3813 967 3863 terrae
1012 3804 1282 3877 sublimis,
1331 3811 1393 3861 et

194 3883 490 3941 exsultatio
537 3881 624 3940 his
677 3882 776 3960 qui
816 3882 1015 3942 salvati
1058 3881 1273 3942 fuerint
1318 3882 1391 3940 de

192 3957 381 4019 Israel.
480 3960 561 4019 Et
585 3961 729 4020 erit:
787 3960 992 4020 Omnis
1030 3962 1127 4039 qui
1165 3958 1393 4020 relictus

195 4036 452 4098 fueritin
480 4038 638 4110 Sion,
680 4045 741 4097 et
780 4039 1036 4098 residuus
1076 4040 1135 4096 in
1177 4037 1392 4098 Hieru-

195 4114 382 4190 salem,
430 4124 656 4174 sanctus
700 4118 1007 4190 vocabitur,
1063 4116 1246 4177 omnis
1297 4115 1393 4195 qui

195 4248 223 4279 ⁸
254 4242 426 4298 Exodi
451 4261 539 4298 xv.
568 4244 641 4314 (v.
669 4244 744 4315 1.)

196 4312 224 4351 ὓ
256 4313 345 4369 Ita
367 4316 511 4384 quod
583 4313 754 4367 rimus
776 4315 996 4369 Tractus
1019 4315 1309 4389 incipiatur
1331 4332 1399 4369 ex

197 4391 343 4454 parte
365 4386 509 4441 chori
557 4385 765 4455 egentis
795 4385 1116 4441 Lectionem.
1194 4386 1399 4440 Deinde

199 4454 485 4525 incipiatur
507 4455 995 4512 alternatim—94.
1023 4457 1109 4512 97.
1138 4456 1222 4511 13.
1250 4456 1335 4510 26.

200 4533 224 4561 ⁶
258 4525 430 4580 Exodi
454 4544 542 4581 xv.
572 4525 643 4597 (v.
674 4524 820 4597 1-3.)

1448 594 1607 665 Sion,
1635 602 1692 651 et
1721 591 2054 669 sanguinem
2076 590 2438 650 Hierusalem
2458 589 2663 650 laverit

1448 672 1522 730 de
1576 670 1764 729 medio
1810 670 1932 747 ejus
1985 670 2046 726 in
2100 668 2306 746 spiritu
2351 669 2551 748 judicii
2603 677 2666 729 et

1451 749 1659 829 spiritu
1694 748 1930 806 ardoris.
2010 747 2091 805 Et
2129 748 2342 806 creavit
2382 747 2664 806 Dominus

1453 847 1624 919 super
1658 845 1885 885 omnem
1923 823 2106 883 locum
2148 824 2371 884 Montis
2411 823 2566 898 Sion,
2603 834 2665 885 et

1453 907 1551 964 ubi
1578 904 1865 962 invocatus
1891 911 1998 976 est,
2040 904 2250 962 nubem
2277 923 2383 982 per
2405 903 2578 976 diem,
2607 911 2668 962 et

1455 983 1674 1043 fumum
1694 990 1754 1041 et
1773 980 2133 1060 splendorem
2151 982 2295 1062 ignis
2318 981 2667 1039 flammantis

1458 1061 1520 1119 in
1543 1068 1724 1119 nocte.
1783 1061 1965 1138 Super
1995 1079 2221 1119 omnem
2251 1060 2404 1120 enim
2428 1059 2666 1140 gloriam

1458 1138 1736 1218 protectio
1763 1159 1781 1212 3
1850 1145 1909 1196 et
1960 1137 2387 1198 tabernaculum
2442 1139 2553 1197 erit
2606 1139 2668 1196 in

1461 1216 1848 1275 umbraculum
1876 1214 1991 1276 diei
2017 1219 2088 1275 ab
2117 1226 2278 1290 aestu,
2300 1225 2361 1275 et
2384 1215 2443 1273 in
2466 1215 2669 1275 securi·

1459 1303 1642 1354 tatem
1675 1302 1735 1353 et
1768 1294 2190 1355 absconsionem
2226 1315 2262 1354 a
2295 1296 2524 1356 turbine
2551 1303 2611 1354 et
2636 1313 2672 1352 a

1462 1371 1671 1452 pluvia.

1546 1450 1833 1508 Tracta„

1534 1526 1712 1580 Vinea
1745 1524 1889 1579 facta
1922 1530 2004 1580 est
2037 1524 2272 1581 dilector
2308 1526 2370 1579 in
2405 1541 2571 1581 cornu
2614 1525 2675 1578 in

1465 1596 1580 1651 loco
1604 1594 1770 1649 uberi.

1478 1667 1541 1720 V.
1600 1666 1672 1718 Et
1692 1663 1977 1719 maceriam
1991 1664 2357 1734 circumdedit,
2378 1670 2434 1719 et
2450 1666 2674 1719 circum·

1467 1736 1619 1805 fodit,
1638 1740 1693 1790 et
1706 1734 1977 1806 plantavit
1999 1734 2213 1790 vineam
2234 1735 2439 1805 Soreth‚
2466 1741 2521 1789 et
2544 1735 2675 1790 aedi·

1468 1807 1652 1862 ficavit
1675 1805 1870 1859 turrim
1895 1806 1955 1858 in
1981 1806 2157 1860 medio
2180 1806 2313 1877 ejus.

1481 1879 1545 1932 V.
1619 1876 1692 1931 Et
1716 1876 1950 1930 torcular
1970 1876 2108 1930 fodit
2131 1876 2190 1928 in
2214 1894 2312 1930 ea:
2350 1875 2510 1931 vinea
2532 1874 2679 1930 enim

1474 1946 1696 2003 Domini
1720 1946 1954 2001 Sabaoth
1978 1947 2169 2001 domus
2190 1945 2360 2002 Israel
2382 1951 2478 2001 est.

1558 2019 1823 2079 Oremus.

1559 2097 1779 2156 Oratio.

1558 2177 1734 2247 Deus,
1806 2173 1905 2252 qui
1972 2193 2074 2233 nos
2147 2174 2222 2232 ad
2285 2172 2684 2233 celebrandum

1480 2251 1752 2313 Paschale
1778 2260 2214 2324 sacramentum,
2254 2253 2546 2330 utriusque
2573 2260 2686 2310 tes-

1476 2331 1718 2390 tamenti
1772 2331 1992 2411 paginis
2046 2330 2333 2391 imbuisti:
2401 2331 2475 2389 da
2526 2330 2689 2388 nobis

1481 2408 1801 2488 intelligere
1853 2409 2263 2468 misericordias
2303 2418 2446 2482 tuas,
2494 2416 2560 2466 ut
2614 2428 2688 2466 ex

1482 2488 1847 2622 perceptione
1919 2488 2290 2566 praesentium
2367 2507 2690 2557 munerum,

1530 2585 1655 2624 rma
1680 2565 1755 2624 sit
1787 2566 2134 2644 exspectatio
2153 2565 2492 2625 futurorum.
2574 2564 2691 2622 Per

1485 2642 1816 2701 Dominum.

1565 2720 1758 2778 Lectio
1785 2726 2039 2795 quarta!

1570 2797 1691 2857 Scri
1732 2797 1806 2855 sit
1832 2797 2065 2872 Moyses
2091 2795 2390 2868 canticum,
2420 2804 2479 2855 et
2505 2795 2697 2855 docuit

1489 2872 1638 2933 filios
1691 2817 1890 2932 lsrael.
1972 2873 2363 2952 Praecepitque
2418 2874 2697 2932 Dominus

1489 2953 1534 3012 J
1536 2972 1667 3011 osue
1694 2950 1815 3010 filio
1840 2950 1999 3024 Nun,
2027 2959 2087 3010 et
2113 2951 2226 3022 ait3
2254 2950 2609 3021 Confortare,
2638 2959 2698 3010 et

1492 3040 1615 3091 esto
1675 3032 1969 3088 robustus:
2039 3038 2105 3088 tu
2170 3030 2324 3088 enim
2378 3029 2699 3087 introduces

1494 3108 1643 3167 filios
1677 3108 1857 3167 Israel
1882 3108 1943 3164 in
1971 3115 2184 3166 terram
2211 3126 2382 3184 quam
2423 3106 2701 3185 pollicitus

1498 3207 1622 3246 sum
1642 3186 1901 3265 patribus
1920 3205 2135 3257 eorum,
2159 3193 2218 3242 et
2238 3205 2343 3320 effi
2368 3205 2466 3244 ero
2490 3192 2698 3244 tecum.

1500 3266 1810 3344 Postquam
1837 3283 1972 3342 ergo
2011 3263 2236 3340 scripsit
2344 3281 2503 3338 oyses
2529 3264 2704 3321 verba

1500 3343 1641 3422 legis
1684 3343 1850 3421 hujus
1891 3343 1952 3400 in
1996 3339 2278 3399 volumine
2329 3349 2498 3419 atque
2551 3360 2705 3399 com-

1501 3421 1714 3501 plevit:
1742 3419 2011 3500 praecepit
2038 3418 2255 3478 Levitis
2273 3419 2369 3497 qui
2399 3420 2706 3497 portabant

1502 3519 1689 3559 arcam
1709 3498 1936 3559 foederis
1964 3496 2215 3568 Domini,
2239 3496 2466 3568 dicens;
2495 3495 2705 3555 Tollite

1503 3577 1710 3637 librum
1734 3578 1926 3650 istum,
1955 3585 2015 3635 et
2038 3576 2231 3653 ponite
2251 3573 2411 3633 illum
2439 3575 2498 3631 in
2525 3574 2705 3633 latere

1504 3676 1653 3716 arcae
1683 3654 1912 3715 foederis
1953 3653 2185 3712 Domini
2226 3654 2335 3712 Dei
2375 3652 2591 3711 nostri:
2640 3660 2709 3709 ut

1508 3735 1583 3793 sit
1608 3743 1804 3792 contra
1827 3742 1886 3792 te
1914 3732 1990 3792 ibi
2017 3732 2078 3788 in
2098 3730 2502 3790 testimonium.
2581 3730 2709 3808 Ego

1508 3812 1663 3872 enim
1703 3812 1815 3870 scio
1854 3809 2272 3870 contentionem
2300 3816 2474 3880 tuam,
2504 3816 2562 3868 et
2589 3828 2712 3867 cer·

1514 3890 1687 3949 vicem
1725 3898 1884 3948 tuam
1923 3888 2301 3946 durissimam.
2380 3885 2587 3945 Adhuc
2626 3887 2711 3943 vi-

1512 3976 1682 4027 vente
1734 3988 1828 4027 me
1882 3975 1942 4027 et
1994 3965 2353 4044 ingrediente
2405 3965 2711 4035 vobiscum,

1513 4067 1738 4125 semper
1765 4045 2111 4105 contentiose
2138 4044 2331 4125 egistis
2368 4052 2567 4102 contra
2594 4044 2713 4102 Do-

1514 4126 1767 4185 minum:
1813 4131 2025 4202 quanto
2066 4124 2249 4203 magis
2286 4143 2414 4182 cum
2457 4131 2715 4182 mortuus

1513 4238 1543 4278 ἅ
1579 4239 1752 4293 Esaiae
1776 4256 1890 4308 cap.
1915 4237 1985 4292 iv.

1517 4319 1541 4348 θ
1577 4310 1750 4364 Esaiae
1775 4325 1888 4379 cap.
1917 4325 1964 4362 v.
1995 4308 2068 4379 (v.
2098 4308 2145 4379 1,
2172 4308 2223 4378 2,
2253 4307 2326 4379 7.)

1517 4381 1538 4420 ¹
1574 4379 1867 4434 meo.—92.
1896 4378 1980 4432 98.

1519 4461 1547 4499 s
1584 4451 1738 4505 Deut.
1766 4466 1879 4519 cap.
1907 4447 2051 4503 xxxi.
2081 4447 2138 4502 F.
2167 4449 2238 4520 (v.
2266 4447 2485 4518 22-30.)
