2975 5009
79 255 197 320 421
872 270 948 318 m
976 268 1260 319 vlolLlA
1295 268 1809 321 Psnrsoosrns.
2458 254 2590 317 422

82 426 321 485 inventio
337 445 575 505 operum
594 424 837 485 illorum.
892 439 922 470 ⁸
936 425 1016 485 Et
1034 435 1227 486 tamen
1244 437 1275 467 ⁸

82 505 434 564 exterminati
455 512 608 575 sunt,
629 514 688 563 et
707 505 779 561 ad
805 505 1015 563 inferos
1042 505 1271 563 descen-

83 583 294 655 derunt,
322 594 385 642 et
423 582 520 639 alii
545 581 574 619 ¹³
593 584 653 640 in
682 582 866 640 locum
894 582 1117 641 illorum
1148 603 1271 642 sur-

85 661 396 720 rexerunt-¹²
473 661 730 720 Juvenes
765 661 1032 720 viderunt
1058 661 1270 732 lumen,

87 748 138 798 et
159 739 556 798 habitaverunt
582 759 750 818 super
776 746 1010 797 terram.
1093 740 1271 798 Viam

83 826 250 876 autem
290 816 613 896 disciplinae
633 830 659 859 ⁰
686 817 1010 875 nescierunt
1031 830 1057 859 ⁰
1084 837 1268 896 neque

88 894 480 955 intellexerunt
505 895 734 954 semitas
754 897 907 973 ejus;
949 916 1132 974 neque
1153 916 1270 954 sus-

88 983 342 1052 ceperunt
389 993 513 1032 eam
561 972 668 1031 filii
714 994 928 1033 eorum.
1026 977 1082 1033 A
1128 973 1270 1033 facie

89 1071 261 1110 eorum
282 1052 378 1111 lon
421 1052 620 1111 efacta
639 1060 743 1110 est.
817 1051 954 1110 Non
975 1061 1062 1112 est
1079 1053 1272 1112 audita

88 1130 139 1186 in
173 1138 326 1190 terra
413 1130 657 1201 hana-an,
698 1150 880 1209 neque
920 1131 1045 1189 visa
1083 1143 1170 1190 est
1209 1131 1269 1188 in

90 1207 344 1266 Theman.
429 1208 562 1267 Filii
589 1227 811 1287 quoque
844 1209 1009 1288 Agar
1034 1210 1132 1287 qui
1170 1230 1268 1268 ex-

90 1287 385 1362 quisierunt
423 1287 786 1365 prudentiam
828 1306 956 1365 quae
1004 1289 1077 1347 de
1115 1296 1272 1347 terra

91 1374 179 1437 est,
212 1367 594 1446 negotiatores
620 1373 794 1424 terrae
834 1377 895 1424 et
932 1365 1189 1426 Theman
1212 1374 1272 1426 et

89 1441 405 1503 fabulatores
433 1451 494 1502 et
534 1445 907 1521 exquisitores
945 1446 1268 1522 prudentiae

90 1531 140 1579 et
172 1522 582 1601 intelligentiae.
682 1521 853 1580 Viam
893 1532 1082 1582 autem
1123 1525 1269 1602 sapi-

91 1600 241 1658 entiae
279 1601 625 1673 nescierunt,
667 1621 849 1678 neque
886 1601 1272 1661 meminerunt

92 1679 402 1737 semitarum
421 1679 560 1737 e‘us.
595 1678 647 1737 O
664 1678 862 1751 Israel,
880 1700 1046 1758 quam
1065 1701 1273 1759 magna

92 1765 163 1814 est
201 1757 399 1815 domus
504 1757 574 1829 ei,
619 1765 679 1816 et
720 1758 921 1836 ingens
959 1758 1108 1816 locus
1147 1779 1272 1837 pos-

90 1834 323 1893 sessionis
351 1836 495 1913 ejus.
572 1835 820 1914 Magnus
848 1845 908 1896 et
947 1856 1059 1896 non
1100 1836 1274 1896 habet

91 1914 640 1987 consummationem3
675 1913 924 1973 excelsus
944 1925 1003 1975 et
1028 1917 1273 1974 immen-

94 2009 184 2048 sus.
277 1992 377 2050 lbi
419 1990 652 2051 fuerunt
689 1993 948 2072 gigantes
976 1994 1273 2067 nominati,

94 2067 164 2125 illi
185 2072 273 2147 qui
299 2073 373 2129 ab
401 2070 566 2128 initio
595 2069 844 2143 fuerunt,
872 2081 1089 2132 statura
1115 2093 1272 2152 mag-

96 2166 170 2219 na,
194 2150 431 2208 scientes
465 2149 695 2208 bellum.
775 2149 917 2209 Non
956 2150 1059 2209 hos
1099 2150 1274 2244 elegit

98 2225 366 2300 Dominus,
412 2247 598 2305 neque
643 2227 793 2285 viam
832 2228 1143 2309 disciplinae
1184 2252 1273 2288 1n-

97 2313 390 2378 venerunt3
440 2326 543 2384 pro
584 2313 743 2364 terea
782 2307 1095 2386 perierunt.
1197 2310 1276 2368 Et

98 2384 337 2458 quoniam
383 2403 503 2441 non
621 2386 870 2445 buerunt
914 2386 1270 2465 sapientiam,

98 2459 416 2522 interierunt
435 2471 672 2541 propter
691 2482 848 2522 suam
869 2464 1271 2544 insipientiam.

101 2537 221 2605 Quis
263 2540 521 2599 ascendit
564 2541 625 2598 in
677 2541 899 2614 coelum,
949 2553 1009 2602 et
1059 2543 1276 2622 accepit

100 2634 220 2688 eam,
238 2629 298 2677 et
325 2618 529 2678 eduxit
554 2639 680 2679 eam
700 2620 772 2679 de
794 2622 1066 2681 nubibus?
1134 2621 1274 2691 Quis

100 2697 464 2757 transfretavit
501 2718 659 2757 mare
686 2707 746 2757 et
784 2699 1006 2759 invenit
1043 2720 1187 2771 eam,
1215 2707 1276 2760 et

99 2772 267 2834 attulit
310 2775 468 2833 illam
515 2795 686 2855 super
731 2798 932 2836 aurum
979 2777 1219 2838 electum
1249 2780 1273 2839 3

99 2849 214 2910 Non
238 2861 327 2913 est
366 2855 465 2931 qui
492 2853 519 2886 ‘¹
539 2857 677 2913 sciat
701 2856 850 2914 viam
872 2855 899 2887 ‘²
925 2857 1062 2934 ejus,
1091 2877 1275 2935 neque

100 2930 180 3005 qui
222 2942 246 2971 θ
272 2933 560 3011 excogitet
583 2946 610 2975 θ
654 2934 884 2993 semitas
925 2937 1062 3013 ejus.
1162 2936 1276 2997 Sed

99 3010 180 3084 qui
213 3012 319 3070 scit
359 3012 623 3071 universa
659 3012 818 3071 novit
855 3011 1029 3086 illam,
1074 3021 1134 3072 et
1176 3014 1277 3072 ad—

99 3085 293 3147 invenit
347 3087 503 3147 illam
568 3091 875 3169 prudentia
930 3111 1048 3151 sua.
1159 3092 1278 3159 Qui

100 3166 387 3242 ‘perfecit‘
407 3176 623 3227 terram
653 3169 714 3226 in
745 3169 1094 3249 sempiterno
1127 3179 1275 3229 tem-

99 3261 234 3319 pore,
260 3254 324 3304 et
361 3246 690 3324 adimplevit
721 3268 846 3308 eam
887 3248 1193 3329 pecudibus
1219 3260 1280 3309 et

100 3323 555 3403 quadrupedibus.
640 3325 755 3395 Qui
776 3327 990 3386 emittit
1015 3327 1197 3385 lucem
1220 3335 1280 3387 et

100 3400 278 3475 vadit3
329 3412 390 3462 et
422 3403 639 3463 vocavit
664 3425 811 3477 eam,
848 3414 910 3465 et
953 3405 1150 3465 obedit
1194 3405 1278 3464 illi

99 3476 150 3534 in
184 3487 451 3541 tremore.
533 3481 726 3542 Stellae
760 3492 951 3543 autem
997 3483 1282 3544 dederunt

100 3552 268 3617 lumen
291 3561 355 3617 in
375 3561 640 3619 custodiis
659 3562 790 3631 suis,
813 3570 872 3621 et
896 3562 1110 3621 laetatae
1128 3570 1278 3621 sunt.

102 3630 319 3698 Vooetae
373 3646 526 3710 sunt,
579 3648 640 3699 et
689 3640 1001 3713 dixerunt;
1039 3648 1068 3682 ⁸
1089 3639 1231 3699 Ecce
1251 3649 1282 3689 8

98 3712 363 3775 adsumus.
445 3717 527 3777 Et
552 3718 825 3778 luxerunt
850 3720 905 3777 ei
928 3739 1056 3777 eum
1079 3717 1280 3795 jocun-

68 3840 69 3843 ,
99 3788 259 3854 ditate
299 3796 399 3874 qui
434 3795 570 3854 fecit
608 3795 747 3855 illas.
846 3797 962 3856 Hie
996 3806 1085 3857 est
1123 3794 1283 3856 Deus

66 3928 71 3967 ἱ
100 3880 290 3945 noster,
322 3884 382 3933 et
422 3894 535 3931 non
567 3875 943 3933 aestimabitur
981 3875 1121 3934 alius
1159 3872 1192 3910 ¹²
1210 3876 1284 3934 ad

98 3944 288 4010 ἰΙΙιιιιι.ιι
368 3952 487 4011 Hic
531 3953 824 4012 adinvenit
869 3973 1097 4013 omnem
1132 3954 1280 4012 viam

99 4176 123 4209 ⁸
149 4191 252 4231 nou
282 4177 491 4232 habent
513 4176 601 4232 92.
628 4176 715 4232 98.
741 4177 827 4231 26.
854 4178 920 4234 V.

99 4240 123 4281 ὗ
150 4245 258 4302 loeo
280 4265 467 4302 eorum
491 4249 1077 4305 exsurrexerunt—26.
1105 4249 1172 4306 V.

94 4320 121 4423 ἶ
147 4316 796 4444 ἰὲῃοῗῗξῑῖἶῃῖἐεῖἶῗὲὲ
805 4389 858 4444 v

94 4460 119 4493 ⁸
147 4404 566 4530 waima—26.
594 4431 661 4514 v.
765 4432 778 4446 '
859 4433 870 4446 ’

335 4530 461 4599 27*

1381 426 1711 507 disciplinae,
1740 434 1800 486 et
1824 423 1985 486 dedit
2009 425 2165 485 illam
2202 426 2381 485 Jacob
2408 445 2585 504 puero

1380 525 1500 578 suc,
1530 516 1588 564 et
1628 504 1807 565 Israel
1844 505 2050 564 dilecto
2080 524 2199 565 suo.
2296 504 2434 563 Post
2460 503 2583 562 haec

1381 585 1587 662 ¹super
1640 583 1899 643 terram¹
1951 583 2100 641 visus
2168 589 2275 656 est,
2336 591 2399 642 et
2448 603 2578 642 cum

1379 660 1706 721 hominibus
1731 669 2091 721 conversatus
2116 670 2222 722 est.

1462 740 1684 799 Oratio,

1458 820 1632 890 Deus,
1673 817 1771 897 qui
1810 817 1974 877 nobis
2017 837 2121 898 per
2164 814 2578 909 prophetarum

1381 915 1479 955 ora
1517 897 1836 977 praecepisti
1880 895 2218 974 temporaha
2258 894 2582 971 relinquere

1378 983 1551 1052 atque
1569 976 1642 1034 ad
1670 984 1889 1034 aeterna
1912 973 2215 1046 festinare;
2255 974 2331 1031 da
2354 971 2579 1030 famulis

1379 1054 1512 1125 tuis,
1553 1063 1620 1113 ut
1656 1073 1784 1132 quee
1823 1075 1859 1112 a
1899 1062 1960 1113 te
1999 1055 2157 1133 jussa
2195 1051 2579 1131 cognovimus,

1379 1130 1620 1210 implere
1648 1131 1858 1192 coelesti
1883 1132 2254 1212 inspiratione
2279 1129 2579 1189 valeamus.

1380 1209 1498 1269 Per
1524 1211 1852 1269 Dominum.

1461 1288 1735 1347 Tractus)

1447 1365 1601 1420 Sicut
1622 1382 1808 1421 eervus
1829 1364 2096 1420 desiderat
2121 1364 2192 1419 ad
2215 1363 2391 1419 fontes
2412 1378 2576 1432 aqua·

1378 1451 1537 1489 rum:
1591 1435 1674 1490 ita
1712 1435 1978 1491 desiderat
2016 1436 2203 1490 anima
2244 1452 2365 1490 mea
2403 1433 2475 1488 ad
2513 1438 2584 1501 te,

1380 1505 1540 1560 Deus.

1461 1576 1522 1631 V.
1560 1575 1745 1632 Sitivit
1761 1575 1946 1631 anima
1960 1591 2084 1630 mea
2098 1573 2168 1628 ad
2186 1573 2361 1628 Deum
2373 1571 2585 1627 vivum:

1416 1648 1610 1730 nando·
1619 1645 1834 1702 veniam
1856 1652 1913 1701 et
1946 1645 2211 1718 apparebo
2243 1649 2373 1699 ante
2394 1642 2587 1698 faciem

1462 1736 1481 1770 1
1508 1735 1629 1772 mei.

1463 1790 1525 1843 V.
1564 1787 1808 1843 Fuerunt
1830 1786 1967 1840 mihi
2194 1800 2243 1839 ae
2262 1799 2397 1838 meae
2419 1799 2587 1866 panes

1380 1858 1471 1913 die
1516 1876 1580 1914 ac
1627 1864 1782 1913 nocte
1825 1877 1838 1912 z
1881 1858 2014 1911 dum
2060 1855 2261 1911 dicitur
2306 1854 2445 1907 mihi
2492 1871 2587 1926 per

1382 1930 1624 2001 singulos
1645 1929 1774 1998 dies,
1802 1928 1912 1983 Ubi
1937 1933 2018 1982 est
2041 1927 2186 1981 Deus
2208 1930 2351 1979 tuus.

1461 2001 1687 2059 Deinde
1712 2001 1797 2058 hoe
1835 2001 1961 2057 duee
1992 1998 2287 2058 Orationes
2312 1995 2585 2053 dicuntur

1381 2080 1482 2137 sub
1533 2100 1647 2137 uno
1699 2079 1817 2139 Per
1870 2077 2183 2137 Dominum
2236 2082 2288 2134 et
2327 2075 2428 2132 sub
2472 2094 2587 2132 uno

1384 2157 1644 2216 Oremus.

1465 2236 1687 2295 oratic.

1494 2314 1771 2384 Concede,
1863 2331 2164 2384 ueesumus,
2227 2310 2587 2388 omnipotens

1387 2392 1566 2464 DeuS,
1587 2402 1652 2451 ut
1669 2392 1768 2472 qui
1788 2412 1847 2450 so
1871 2392 2206 2451 emnitatem
2232 2389 2368 2447 doni
2392 2388 2587 2448 Sancti

1389 2471 1633 2549 Spiritus
1672 2469 1921 2544 colimus,
1950 2469 2266 2528 coelestibus
2296 2465 2590 2525 desideriis

1385 2550 1621 2621 accensi,
1667 2548 1883 2607 fontem
1924 2548 2058 2606 vitee
2097 2546 2349 2605 sitiamus
2387 2545 2583 2602 Domi-

1386 2648 1526 2686 num
1554 2635 1811 2687 nostrum
1836 2625 1880 2684 J
1880 2645 2038 2685 esum
2059 2624 2354 2685 Christum
2375 2621 2586 2681 Filium

1386 2714 1571 2764 tuum.

1467 2782 1623 2838 Alia
1661 2779 1880 2839 Oratio.

1470 2859 1851 2938 Omnipotens
1889 2856 2234 2935 sempiterne
2276 2854 2451 2928 Deus,
2491 2855 2589 2932 qui

1389 2936 1662 3000 Paschale
1714 2947 2127 2994 sacramentum
2181 2932 2591 3011 quinquaginta

1389 3019 1613 3077 dierum
1661 3012 1886 3073 voluisti
1938 3011 2211 3089 mysterio
2263 3011 2541 3070 contineri
2571 3032 2588 3082 3

1391 3103 1620 3175 praesta,
1661 3111 2000 3171 quaesumuS,
2042 3098 2108 3148 ut
2146 3089 2405 3168 gentium
2443 3089 2592 3147 facta

1389 3173 1663 3254 dispersio
1679 3170 1949 3229 divisione
1968 3170 2308 3246 linguarum,
2326 3167 2398 3225 ad
2417 3187 2590 3225 unam

1390 3251 1790 3312 confessionem
1818 3248 1903 3307 tui
1944 3246 2188 3306 nominis
2224 3243 2434 3303 coelesti
2466 3266 2592 3303 mu-

1392 3351 1531 3390 nere
1558 3334 1947 3407 congregetur.
2028 3323 2143 3383 Per
2168 3323 2501 3382 Dominum.

1470 3407 1696 3466 Deinde
1721 3411 2024 3483 sequantua·
2054 3399 2312 3460 Letaniae
2338 3409 2389 3458 et
2413 3401 2591 3459 Bene-

1392 3485 1842 3563 dictiofontium‚
1853 3483 1997 3540 sicut
2012 3481 2079 3538 in
2104 3479 2321 3555 Viyilia
2339 3477 2593 3551 Paschoe,

1394 3566 1580 3624 eodem
1596 3563 1851 3621 videlicet
1870 3560 2032 3619 modo
2047 3566 2097 3617 et
2116 3558 2312 3616 ordine
2328 3557 2393 3615 in
2414 3558 2594 3614 eundo

1394 3652 1445 3701 et
1463 3642 1744 3701 redeundo
1764 3648 1815 3699 et
1829 3640 1895 3698 in
1912 3638 2163 3697 statione.
2220 3635 2267 3693 Ι
2260 3656 2301 3692 n
2315 3635 2595 3693 redeundo

1394 3721 1613 3779 dicitur
1637 3720 1767 3779 Rex
1792 3725 2130 3786 sanctorum,
2159 3721 2209 3770 et
2226 3721 2419 3791 postea
2446 3713 2594 3771 inci-

1385 3800 1596 3877 piatur
1634 3799 1826 3856 missa.
1886 3794 2072 3872 Kyrie
2111 3792 2355 3868 eleyson.
2412 3799 2463 3849 et
2501 3791 2595 3848 in-

1395 3877 1563 3935 terim
1614 3877 1771 3934 dicat
1834 3872 2085 3932 sacerdos
2136 3870 2429 3930 Confiteor
2494 3868 2593 3928 ὥσ.

1395 3975 1547 4014 more
1584 3955 1762 4013 solito,
1850 3951 2129 4029 Sequatur
2166 3948 2360 4009 Gloria
2397 3948 2457 4007 in
2494 3967 2595 4007 ex-

1394 4180 1422 4298 }
1458 4175 2131 4305 ffifflffffffffbs.
2160 4244 2244 4298 15.
2276 4244 2338 4300 v.

1394 4321 1425 4358 ¹¹
1460 4320 1712 4375 adversus
1735 4316 2035 4372 eum—15.
2063 4315 2148 4369 26.
2177 4314 2241 4370 V.

1395 4390 1411 4427 ¹
1460 4390 1520 4443 in
1545 4386 1876 4444 terris-15.
1901 4385 1986 4438 26.
2015 4384 2080 4438 V.

1391 4459 1408 4506 1
1460 4460 1548 4515 Ps.
1576 4459 1668 4514 xli.
1695 4456 1831 4529 (xlii.
1861 4454 2005 4525 1-3.)
