2975 5009
54 215 55 218 ’
98 197 202 260 305

154 383 178 412 ⁸
194 370 268 427 Et
301 371 484 428 coeteri
520 370 752 429 Psabmi
781 392 909 429 cum
935 374 1054 430 suis
1085 373 1144 429 Α
1151 375 1264 431 nti-

88 448 264 524 phonis
322 448 597 506 dicuntm*
668 450 855 509 simili
918 452 1080 510 modo
1145 453 1266 510 sine

94 525 303 584 Gloria.⁸
319 526 357 560 ἥ

154 602 459 661 Psalmus.¹’

154 683 242 740 Ad
280 681 591 740 Dominum
629 704 757 742 cum
805 683 1110 743 tribularer
1155 684 1266 743 cla-

95 761 254 820 mavi:
282 767 338 818 et
363 761 655 819 exaudivit
681 783 790 820 me.

157 838 406 908 Domine,
461 837 643 897 libera
687 841 936 898 animam
990 860 1176 900 meam
1230 862 1267 898 a

94 914 230 974 labiis
253 917 488 993 iniquis:
518 924 578 975 et
603 938 638 975 a
661 917 855 997 lingua
878 918 1084 977 dolosa.

158 994 301 1061 Quid
327 997 496 1053 detur
520 996 645 1066 tibi,
674 1009 774 1055 aut
793 997 926 1074 quid
946 1004 1264 1077 apponatur

93 1072 211 1131 tibi:
237 1074 306 1130 ad
333 1072 582 1150 linguam
612 1074 861 1132 dolosam
884 1077 908 1133 ἓ

156 1151 381 1230 Sagittae
420 1153 666 1229 potentis
706 1163 884 1211 acutae
917 1175 931 1212 :
975 1173 1102 1210 cum
1144 1173 1262 1211 car-

93 1230 301 1287 bonibus
328 1228 696 1289 desolatoriis.

154 1307 279 1365 Heu
304 1307 464 1377 mihi,
493 1308 625 1385 quia
651 1308 919 1367 incolatus
946 1329 1104 1367 meus
1130 1329 1264 1388 pro-

91 1383 324 1464 longatus
359 1396 479 1455 est;
524 1386 770 1445 habitavi
801 1408 925 1445 cum
956 1386 1262 1445 habitanti-

93 1464 174 1520 bus
201 1464 410 1523 Cedar:
452 1464 697 1522 multum
726 1463 907 1524 incola
939 1465 1048 1524 fuit
1073 1466 1265 1523 anima

93 1560 212 1599 mea.

152 1620 284 1679 Cum
311 1617 423 1690 his,
448 1621 546 1697 qui
573 1622 815 1680 oderunt
854 1641 1069 1699 pacem,
1107 1641 1263 1680 eram

89 1699 361 1774 pacificus:
411 1718 539 1755 cum
579 1699 848 1777 loquebar
882 1700 1010 1772 illis,
1041 1701 1261 1779 impug-

91 1778 275 1835 nabant
302 1796 396 1835 me
423 1779 618 1855 gratis.

152 1854 524 1931 Antiphona.0

145 1931 269 1985 Cum
317 1932 406 1984 his
451 1932 546 2002 qui
592 1933 824 1987 oderunt
881 1950 1065 2003 paoem
1118 1951 1263 1987 eram

89 2002 312 2071 pacificus
338 2022 350 2055 :
394 2019 519 2056 cum
545 2003 801 2074 loquebar
835 2004 947 2058 illis
981 2005 1265 2076 impugna-

89 2073 199 2125 bant
221 2090 307 2127 me
329 2074 515 2143 gratis.

152 2142 462 2202 Psalmus.t1

164 2222 332 2299 Eripe
398 2243 512 2293 me,
578 2222 843 2297 Domine,
897 2227 968 2283 ab
1035 2224 1268 2283 homine

86 2300 248 2359 malo:
277 2322 314 2359 a
337 2301 461 2359 viro
488 2300 681 2377 iniquo
708 2303 864 2394 eripe
893 2323 1002 2362 me.

154 2379 263 2446 Qui
336 2380 726 2457 cogitaverunt
799 2382 1126 2458 iniquitates
1207 2381 1265 2437 in

81 2458 268 2516 corde:
295 2465 419 2516 tota
441 2458 535 2516 die
564 2458 982 2518 constituebant
1008 2458 1222 2538 praelia.

152 2535 439 2594 Acuerunt
488 2535 709 2615 linguas
761 2558 885 2595 suas
952 2539 1094 2596 sicut
1151 2558 1269 2597 ser-

76 2621 300 2689 pentes:
344 2634 626 2673 venenum
669 2615 925 2693 aspidum
966 2618 1068 2674 sub
1109 2615 1271 2673 labiis

79 2710 285 2749 eorum.

137 2769 362 2828 Custodi
381 2791 494 2841 me,
515 2771 778 2842 Domine,
796 2772 868 2829 de
886 2792 1058 2830 manu
1076 2792 1272 2850 pecca·

74 2848 212 2905 toris
230 2868 240 2904 z
259 2856 318 2907 et
332 2851 401 2907 ab
418 2849 742 2907 hominibus
759 2850 963 2928 iniquis
981 2852 1138 2928 eripe
1158 2871 1268 2909 me.

145 2925 255 2992 Qui
271 2927 660 3006 cogitaverunt
675 2927 1036 3006 supplantare
1051 2948 1274 3007 gressus

72 3021 262 3137 megs:
310 3006 728 3065 absconderunt
760 3007 984 3081 superbi
1011 3006 1270 3085 laqueum

72 3100 149 3137 mi
195 3102 244 3140 ιε

148 3158 230 3217 Et
261 3159 421 3221 funes
460 3161 847 3221 extenderunt
880 3163 941 3219 in
976 3161 1274 3240 laqueumt

64 3235 232 3314 juxta
257 3239 369 3298 iter
392 3239 718 3298 scandalum
747 3254 1055 3317 posuerunt
1085 3240 1244 3297 mihi.

151 3316 294 3374 Dixi
348 3318 636 3388 Domino;
680 3318 1034 3377 Deusmeus
1075 3338 1134 3376 es
1174 3327 1274 3376 tut

68 3395 301 3467 exaudi,
341 3396 605 3467 Domine,
635 3416 825 3455 vocem
867 3395 1276 3475 deprecationis

70 3491 254 3530 meae:

148 3550 416 3624 Domine,
490 3550 758 3621 Domine,
838 3551 1018 3609 virtus
1083 3550 1278 3610 salutis

64 3672 93 3701 ⁸
127 3682 245 3718 non
270 3666 472 3721 habent
496 3666 582 3719 92.
610 3666 695 3721 94.
724 3667 809 3721 97.
836 3666 920 3722 98.

62 3735 90 3772 b
131 3736 225 3796 Ps.
251 3737 388 3790 cxix.
434 3736 581 3806 cxx.)

59 3815 85 3843 ⁸
123 3806 222 3860 Ps.
247 3807 384 3861 cxix.
411 3738 554 3879 {cxx
583 3806 631 3876 6,
662 3806 736 3876 7.)

58 3913 96 3947 ‘¹‘
132 3913 216 3968 In
239 3915 498 3970 Graduali
521 3915 598 3970 sic
620 3914 890 3970 habentur
909 3935 997 3969 2—-

126 4054 472 4126 Antiphona,
500 4054 751 4110 Calicem.

127 4126 409 4196 PsalmuS,
438 4126 673 4179 Credidi.

126 4196 473 4265 Antiphona,
503 4196 641 4249 Cum
667 4195 767 4249 his.

128 4267 410 4335 Psalmus,
438 4266 533 4320 Ad
559 4266 868 4320 Dominum.

125 4336 472 4406 Ammona,
500 4336 593 4390 Ab
618 4337 941 4392 hominibus.

127 4406 411 4478 Psazmus,
440 4407 617 4476 Eripe.

695 213 916 265 FERIA
962 217 1240 276 QUINTA
1289 219 1367 265 IN
1415 214 1631 263 OOENA
1675 215 1955 263 DOMINI.

2464 205 2593 268 306

1382 390 1563 429 meae:
1607 371 1954 430 obumbrasti
1997 390 2168 450 super
2202 382 2370 451 caput
2396 395 2589 433 meum

1379 447 1438 505 in
1467 448 1563 507 die
1590 448 1741 508 belli.

1457 525 1595 584 Non
1619 528 1808 585 tradas
1830 547 1942 597 me,
1964 526 2226 600 Domine,
2250 549 2283 586 a
2305 528 2588 588 desiderio

1380 624 1508 662 meo
1560 605 1836 684 peccatori
1868 626 1882 663 ε
1950 606 2341 682 cogitaverunt
2396 617 2593 667 contra

1380 702 1492 753 me,
1524 703 1596 741 ne
1622 682 1979 759 derelinquas
2021 704 2129 755 me,
2162 704 2233 743 ne
2259 683 2406 744 forte
2435 685 2592 743 exal·

1380 769 1595 819 tentur.

1457 838 1644 917 Caput
1670 838 1931 896 circuitus
1970 859 2198 899 eorum:
2248 838 2407 899 labor
2448 838 2589 899 labi-

1379 936 1539 973 orum
1569 918 1817 995 ipsorum
1851 917 2067 995 operiet
2093 938 2206 976 eoS.

1457 994 1678 1054 Cadent
1698 1015 1867 1073 super
1888 1014 1981 1053 eos
2002 997 2289 1067 carboneS,
2312 996 2371 1052 in
2395 996 2585 1074 ignem

1377 1072 1612 1149 dejicies
1633 1092 1757 1132 eos:
1782 1074 1841 1129 in
1863 1074 2105 1131 miseriis
2126 1094 2240 1131 non
2261 1074 2586 1133 subsistent.

1465 1150 1576 1207 Vir
1590 1149 1878 1229 linguosus
1897 1172 2009 1210 non
2027 1153 2307 1232 dirigetur
2327 1154 2384 1209 in
2404 1162 2586 1212 terra:

1377 1228 1563 1285 virum
1605 1229 1877 1307 injustum
1925 1230 2074 1287 mala
2118 1233 2341 1308 capient
2387 1231 2447 1287 in
2502 1231 2585 1287 in-

1379 1308 1579 1365 teritu.

1461 1384 1713 1463 Cognovi
1752 1384 1885 1462 quia
1922 1383 2088 1443 faciet
2124 1386 2402 1444 Dominus
2433 1385 2588 1463 judi-

1380 1462 1527 1520 cium
1558 1463 1741 1540 inopis
1765 1482 1776 1518 ε
1806 1470 1866 1519 et
1894 1464 2198 1520 vindictam
2227 1483 2556 1542 pauperum.

1461 1540 1877 1598 Verumtamen
1938 1541 2081 1617 justi
2158 1542 2587 1599 confitebuntur

1380 1618 1598 1675 nomini
1639 1626 1772 1675 tuo:
1819 1626 1879 1676 et
1918 1617 2257 1675 habitabunt
2290 1619 2433 1676 recti
2458 1639 2585 1675 cum

1382 1696 1542 1754 vultu
1573 1703 1689 1753 tuo.

1459 1774 1843 1849 Antiphona.0

1439 1850 1543 1933 ‘Ab
1566 1850 1877 1905 hominibus
1903 1849 2105 1920 iniquis
2139 1850 2308 1904 libera
2344 1867 2446 1919 me,
2474 1849 2580 1903 Do·

1379 1938 1543 1975 mlne·

1459 1990 1770 2051 Psalmis!

1461 2070 1728 2141 Domine,
1759 2068 1989 2128 clamavi
2018 2070 2090 2126 ad
2118 2078 2196 2138 te,
2225 2069 2428 2128 exaudi
2458 2090 2586 2129 me:
2644 2072 2646 2075 ⁴

1380 2150 1617 2208 intende
1645 2149 1764 2206 voci
1791 2169 1953 2220 meae,
1997 2169 2124 2205 cum
2165 2146 2479 2207 clamavero
2513 2149 2586 2207 ad

1381 2236 1442 2287 te
1466 2248 1478 2285 :

1463 2304 1761 2382 Dirigatur
1789 2305 1969 2362 oratio
1989 2325 2118 2363 mea
2138 2306 2281 2363 sicut
2300 2306 2590 2363 incensum

1382 2386 1443 2441 in
1490 2391 1792 2462 conspectu
1838 2394 1969 2441 tuo:
2026 2382 2265 2442 elevatio
2318 2403 2588 2441 manuum

1383 2482 1640 2520 mearum
1669 2461 2003 2519 sacrificium
2032 2462 2434 2539 vespertinum.

1464 2541 1641 2609 Pone,
1673 2539 1935 2606 Domine,
1964 2540 2272 2597 custodiam
2303 2540 2389 2596 ori
2433 2557 2591 2597 meo:

1386 2626 1447 2677 et
1474 2619 1680 2675 ostium
1709 2617 2149 2675 circumstantiae
2176 2616 2339 2674 labiis
2367 2618 2524 2674 meis.

1463 2695 1603 2753 Non
1650 2693 1896 2753 declines
1941 2712 2038 2751 cor
2084 2714 2275 2752 meum
2321 2694 2380 2750 in
2424 2696 2595 2752 verba

1387 2772 1621 2830 malitiae
1644 2791 1656 2828 :
1704 2772 1776 2829 ad
1824 2772 2168 2829 excusandas
2208 2772 2595 2829 excusationes

1387 2853 1446 2909 in
1518 2850 1735 2909 eccatis.

1465 2872 1610 2988 (gum
1638 2925 1959 2985 hominibus
1992 2926 2354 3001 operantibus
2387 2926 2596 3003 iniqui-

1389 3016 1595 3065 tatem:
1620 3014 1679 3065 et
1696 3024 1807 3063 non
1825 3004 2246 3062 communicabo
2262 3024 2389 3061 cum
2408 3003 2598 3062 electis

1389 3105 1607 3143 eorum.

1467 3159 1756 3240 Corripiet
1783 3180 1875 3218 me
1896 3160 2083 3237 justus
2112 3158 2169 3214 in
2198 3157 2598 3228 misericordia,

1391 3250 1450 3299 et
1477 3241 1792 3318 increpabit
1820 3259 1912 3296 me
1935 3258 1946 3294 :
1977 3235 2161 3295 oleum
2189 3246 2379 3295 autem
2407 3255 2599 3315 pecca-

1391 3319 1533 3377 toris
1564 3338 1679 3375 non
1707 3316 2025 3394 impinguet
2054 3323 2221 3393 caput
2249 3335 2459 3373 meum.

1474 3396 1756 3463 Quoniam
1802 3395 1985 3452 adhuc
2033 3402 2092 3451 et
2139 3392 2321 3450 oratio
2366 3412 2495 3450 mea
2539 3390 2598 3447 in

1393 3473 1759 3553 beneplacitis
1827 3492 2023 3531 eorum
2056 3493 2070 3531 t
2148 3472 2402 3550 absorpti
2469 3478 2601 3527 sunt

1384 3553 1570 3632 juncti
1598 3562 1779 3631 petrae
1803 3551 2019 3629 judices
2048 3570 2263 3609 eorum.

1393 3667 1423 3705 ἅ
1459 3667 1546 3722 Ps.
1573 3666 1785 3721 cxxxix.
1814 3665 1964 3737 (cxl.)

1396 3748 1420 3777 e
1456 3738 1544 3791 Ps.
1571 3739 1785 3791 cxxxix.
1814 3736 1936 3805 (cxl.
1965 3735 2043 3806 4.)

1394 3808 1416 3847 ¹
1451 3808 1540 3862 Ps.
1567 3808 1668 3862 cxl.
1698 3807 1869 3878 (cxli.)

1466 3918 1798 3988 Anaphona,
1825 3915 2063 3970 Custodi.

1467 3991 1734 4058 Palma-9,
1763 3988 2006 4055 Domine,
2033 3984 2275 4040 clamavi.

1468 4058 1798 4129 Antiphonti,
1827 4057 2252 4112 Considerabam.

1468 4131 1736 4197 Psalmus,
1763 4128 1907 4182 Voce
1930 4145 2066 4181 mea.

1477 4200 1667 4255 Omnes
1713 4200 1923 4253 Psalmi
1967 4198 2225 4250 dicimtur
2270 4195 2383 4247 sine
2428 4193 2613 4249 Gloria

1402 4270 1572 4325 Patri.
1643 4270 1837 4323 Finita
1866 4269 2056 4339 quinta
2079 4264 2407 4335 Antiphone»,
2433 4267 2615 4318 statim

1402 4342 1700 4410 incipiatur
1726 4338 2051 4407 Antzphona,
2072 4336 2273 4389 Coenan
2281 4336 2439 4402 tibus,
2460 4335 2613 4388 Psal-

1403 4428 1536 4480 mue,
1565 4408 1892 4480 Magnificat.
1967 4408 2208 4475 Repetita
2230 4406 2321 4459 ὥσ.
