2975 5009
168 207 292 272 501

165 400 325 528 {iiffi‘
346 469 407 518 et
438 460 718 537 judicium
754 460 1020 537 gentibus
1061 461 1368 520 nunciabit.

166 535 296 594 Non
325 538 636 597 contendet
674 557 857 614 neque
883 537 1148 598 clamabit
1187 559 1369 617 neque

162 615 350 674 audiet
395 614 598 695 aliquis
638 617 701 673 in
745 615 948 694 plateis
986 637 1174 678 vocem
1217 617 1365 695 ejus:

805 223 1169 275 Domch
1203 225 1351 273 xlv.
1387 224 1559 275 POST
1593 227 2066 276 wmm'rA'mM.

2568 211 2696 277 502

431 380 651 439 Ponam
691 380 955 459 spiritum
984 402 1172 440 meum
1201 402 1373 462 super
1484 384 1823 443 arundinem
1862 392 2178 461 quassatam
2207 402 2320 440 non
2347 382 2691 462 confringet,

1483 470 1545 521 et
1570 472 1600 503 ⁸
1617 462 1836 541 lignum
1856 476 1885 506 ⁸
1916 462 2201 552 fumigans
2225 481 2342 551 non
2369 461 2686 552 extinguet,

1479 541 1663 599 donec
1705 541 1893 619 ejiciat
1929 540 2003 599 ad
2042 547 2333 597 Vlctoriam
2366 539 2682 616 judicium:

1481 627 1541 678 et
1568 618 1629 677 in
1658 619 1887 679 nomine
1915 619 2035 698 ejus
2060 627 2259 697 gentes
2283 619 2610 696 sperabunt.

489 867 877 942 Dominica
952 869 1250 943 Decima
1333 828 1595 965 qaarca
1665 881 1828 965 post
1918 870 2349 944 Trinitatem.

233 1049 345 1107 Ad
382 1050 654 1109 Missam.
738 1050 1050 1127 Officium.b

230 1127 532 1188 Protector
575 1137 783 1202 noster,
831 1131 1033 1210 aspice,
1080 1131 1256 1204 DeuS,
1304 1139 1362 1191 et

164 1206 377 1284 respice
432 1208 493 1264 in
548 1206 747 1267 faciem
791 1207 1006 1268 Christi
1047 1210 1170 1268 tui:
1231 1211 1365 1287 quia

159 1286 355 1344 melior
382 1297 471 1345 est
495 1286 615 1346 dies
643 1307 758 1345 una
783 1286 844 1344 in
871 1287 1032 1347 atriis
1059 1288 1171 1347 tuis
1191 1307 1361 1368 super

163 1363 355 1422 millia.

233 1442 553 1499 Psalmus.⁰

220 1518 399 1583 Quam
421 1519 620 1574 dilecta
634 1519 985 1575 tabernacula
1000 1525 1112 1589 tua,
1134 1519 1363 1576 Domine

156 1589 422 1644 virtutum
454 1610 466 1642 z
500 1590 830 1662 concupiscit
866 1596 923 1645 et
959 1591 1139 1647 deficit
1175 1593 1361 1648 anima

157 1677 275 1714 mea
297 1659 358 1713 in
382 1660 524 1715 atria
548 1661 783 1716 Domini.

233 1730 459 1790 Oratio.

152 1861 157 1865 .
234 1810 411 1867 Omni
456 1818 618 1869 otens
662 1811 1009 1888 sempiterne
1061 1810 1236 1883 Deus,
1282 1811 1359 1870 da

156 1889 312 1947 nobis
353 1888 393 1945 fi
438 1889 511 1960 ei,
539 1889 659 1968 spei
701 1898 760 1947 et
797 1889 1048 1948 caritatis
1085 1909 1357 1968 augmen-

153 1974 314 2026 tum:
378 1975 439 2025 et
484 1974 549 2026 ut
590 1987 911 2026 mereamur
943 1968 1161 2046 assequi
1204 1968 1355 2045 quod

155 2045 461 2180 promittis,
477 2043 564 2103 fac
579 2065 682 2103 nos
697 2066 892 2106 amare
905 2047 1057 2124 quod
1073 2046 1352 2125 praecipiS.

205 2143 270 2182 er
296 2121 629 2181 Dominum.

226 2201 339 2259 Ad
367 2200 661 2260 Galatas.‘¹

229 2279 488 2351 Fratres,
517 2278 733 2359 Spiritu
769 2278 1070 2351 ambulate,
1109 2287 1169 2339 et
1207 2279 1351 2338 desi-

151 2359 311 2418 deria
363 2359 547 2417 carnis
599 2378 716 2416 non
773 2358 1097 2436 perficietis
1205 2357 1353 2417 Caro

153 2437 302 2495 enim
347 2436 691 2515 concupiscit
734 2437 997 2496 adversus
1048 2436 1348 2515 spiritum:

150 2516 379 2594 spiritus
405 2523 596 2574 autem
627 2515 893 2574 adversus
919 2535 1147 2575 carnem
1170 2536 1185 2572 z
1228 2513 1352 2574 haec

150 2595 301 2652 enim
330 2592 439 2652 sibi
465 2592 703 2651 invicem
730 2594 1120 2664 adversantur,
1142 2600 1209 2651 ut
1234 2612 1350 2652 non

150 2691 514 2749 quaecumque
541 2671 727 2742 vultis,
749 2670 846 2729 illa
869 2669 1100 2730 faciatis.
1181 2671 1348 2738 Quod

148 2751 191 2807 si
219 2750 428 2829 spiritu
453 2749 741 2821 ducimini,
763 2769 878 2807 non
905 2750 1038 2808 estis
1065 2751 1168 2807 sub
1203 2748 1346 2826 lege.

147 2826 457 2887 Manifesta
498 2838 689 2886 autem
736 2836 871 2886 sunt
918 2847 1087 2906 opera
1127 2827 1345 2885 carnis:

145 2925 269 2983 quae
296 2916 450 2977 sunt,
472 2905 782 2978 fornicatio,
811 2906 1190 2975 immunditia,
1217 2925 1346 2963 ava-

144 2986 294 3055 ritia,
344 2984 712 3063 impudicitia,
767 2983 1012 3055 luxuria,
1065 2983 1344 3042 idolorum

142 3064 402 3136 servituS,
465 3061 753 3134 veneficia,
812 3062 1145 3134 inimicitiae,
1211 3081 1343 3119 con-

141 3141 443 3212 tentioneS,
467 3139 870 3211 aemulationes,
896 3140 1018 3213 irae,
1045 3141 1210 3213 rixae,
1229 3140 1342 3198 dis-

138 3222 447 3292 sensiones,
491 3227 678 3291 sectae,
727 3219 976 3290 invidiae,
1021 3217 1338 3289 homicidia,

141 3300 466 3370 ebrietates,
493 3297 942 3367 comessationes,
969 3305 1031 3356 et
1062 3295 1151 3355 his
1185 3296 1341 3354 simi-

136 3375 230 3450 lia,
259 3396 391 3454 quae
416 3374 666 3454 praedico
691 3376 864 3447 vobis,
891 3375 1037 3433 sicut
1074 3374 1337 3453 praedixi,

137 3457 410 3533 quoniam
449 3454 545 3532 qui
571 3453 708 3512 talia
736 3461 931 3532 agunt,
957 3471 1199 3531 regnum
1227 3453 1339 3513 Dei

135 3553 255 3592 non
311 3540 745 3609 consequentur.
853 3531 1094 3590 Fructus
1145 3538 1338 3590 autem

136 3612 392 3689 Spiritus
445 3620 531 3670 est
585 3612 807 3682 caritas,
860 3610 1147 3688 gaudium,
1204 3629 1340 3687 pax,

133 3690 432 3768 patientia,
449 3689 868 3767 longanimitas,
887 3688 1125 3759 bonitas,
1143 3687 1338 3766 benig-

132 3769 303 3838 nitas,
373 3766 762 3839 mansuetudo,
829 3766 990 3838 fides,
1043 3765 1338 3838 modestia,

127 3847 504 3918 continentia,
524 3846 768 3904 mstitas.
828 3844 1123 3903 Adversus
1143 3842 1337 3920 hujus-

124 3926 350 3984 cemodi
375 3944 491 3982 non
517 3932 605 3983 est
639 3923 756 3982 lex.
840 3923 957 3991 Qui
983 3929 1176 3981 autem
1203 3929 1339 3980 sunt

122 4003 368 4075 Christi,
421 4021 650 4061 carnem
704 4021 864 4060 suam
926 3999 1335 4060 crucifixerunt

120 4102 253 4140 cum
281 4080 435 4140 vitiis
461 4089 521 4140 et
545 4079 1023 4158 concupiscentiis.

113 4237 144 4268 ⁸
182 4227 542 4283 linum—15.
569 4227 636 4282 V.

115 4301 144 4339 b
184 4300 273 4355 Ps.
300 4299 511 4354 lxxxiii.
539 4298 764 4371 (lxxxiv.
792 4297 842 4368 9,
872 4296 980 4369 10.)

111 4381 138 4411 ο
178 4371 252 4426 ib.
281 4372 353 4443 (v.
383 4369 458 4495 lc.)

105 4442 137 4481 ‘¹
174 4458 293 4515 cap.
321 4457 370 4499 v.
442 4483 454 4495 .
484 4438 801 4577 (wdlgzm.)

1561 1052 1866 1111 Gradatae

1545 1130 1758 1186 Bonum
1795 1136 1876 1185 est
1912 1130 2154 1185 confiteri
2190 1128 2422 1186 Domino
2458 1133 2514 1184 et
2540 1128 2678 1201 psal-

1472 1202 1582 1256 lere
1605 1201 1817 1257 nomini
1840 1208 1950 1271 tuo,
1976 1202 2253 1256 altissime.

1484 1273 1544 1326 V.
1634 1273 1726 1325 Ad
1772 1272 2218 1327 annunciandum
2267 1288 2428 1327 mane
2474 1270 2676 1325 miseri·

1471 1342 1707 1397 cordiam
1753 1347 1907 1397 tuam
1954 1348 2010 1397 et
2055 1343 2336 1399 veritatem
2382 1348 2537 1397 tuam
2583 1358 2679 1413 per

1473 1420 1818 1554 noffffialuya.
1868 1483 1927 1537 V.
2001 1482 2349 1538 confitemini
2373 1481 2604 1538 Domino
2622 1487 2679 1537 et

1470 1554 1717 1610 invocate
1751 1570 1949 1607 nomen
1984 1552 2104 1624 ejus
2134 1572 2146 1608 ε
2178 1551 2505 1614 annuntiate
2531 1552 2676 1608 inter

1468 1631 1659 1696 gentes
1680 1641 1841 1696 opera
1863 1623 1995 1694 ejus.

1552 1695 1930 1771 Evanqelium
1952 1717 1970 1752 .·
2014 1692 2333 1752 Secwndum
2356 1692 2629 1752 Lucam!

1553 1774 1627 1832 In
1663 1773 1762 1831 illo
1787 1783 2065 1852 tempore,
2092 1772 2235 1833 Cum
2264 1773 2376 1831 iret
2413 1770 2457 1831 J
2456 1790 2583 1831 esus
2608 1771 2672 1830 in

1469 1850 1852 1923 Hierusalem,
1912 1852 2192 1910 transibat
2256 1871 2360 1929 per
2425 1850 2670 1909 mediam

1470 1930 1783 1990 Samariam
1811 1938 1872 1989 et
1910 1928 2225 1989 Galilaeam.
2310 1929 2391 1987 Et
2424 1947 2553 1986 cum
2581 1929 2671 1987 in-

1465 2009 1807 2087 grederetur
1839 2008 2120 2085 quoddam
2147 2005 2454 2077 castellum,
2481 2025 2669 2064 occur·

1467 2096 1671 2146 rerunt
1722 2088 1774 2146 ei
1834 2086 2029 2145 decem
2083 2085 2190 2143 viri
2253 2084 2459 2163 leprosi
2486 2105 2503 2156 3
2568 2085 2668 2163 qui

1466 2173 1752 2225 steterunt
1769 2186 1806 2225 a
1823 2165 2006 2245 longe,
2028 2172 2088 2223 et
2107 2164 2436 2223 levaverunt
2456 2181 2667 2235 vocem,

1465 2243 1721 2304 dicentes
1748 2266 1765 2316 3
1824 2243 1868 2304 J
1869 2263 1965 2303 esu
2010 2250 2349 2322 praeceptor,
2397 2240 2666 2302 miserere

1465 2323 1666 2381 nostri.
1766 2322 1923 2390 Quos
1975 2330 2041 2379 ut
2092 2321 2254 2393 vidit,
2299 2320 2487 2391 dixit3
2549 2320 2665 2393 Ite,

1466 2401 1747 2460 ostendite
1776 2420 1872 2458 vos
1899 2400 2297 2458 sacerdotibus.
2357 2399 2437 2458 Et
2455 2398 2665 2456 factum

1463 2487 1551 2538 est
1577 2479 1715 2537 dum
1754 2480 1928 2550 irent,
1959 2477 2215 2536 mundati
2241 2484 2393 2537 sunt.
2494 2475 2665 2536 Unus

1461 2565 1654 2616 autem
1683 2577 1756 2615 ex
1783 2555 1910 2627 illis,
1938 2563 2003 2613 ut
2030 2555 2174 2613 vidit
2198 2555 2332 2633 quia
2357 2555 2663 2614 mundatus

1462 2642 1569 2707 est,
1617 2652 1904 2712 regressus
1957 2640 2046 2692 est
2098 2652 2225 2691 cum
2280 2651 2485 2724 magna
2527 2653 2664 2693 voce

1462 2713 1830 2790 magnificans
1851 2710 2060 2782 Deum,
2082 2718 2141 2769 et
2160 2709 2362 2769 cecidit
2380 2731 2441 2768 m
2461 2709 2661 2769 faciem

1459 2799 1593 2849 ante
1661 2790 1791 2847 edes
1819 2788 1957 2866 ejuS,
1983 2788 2196 2867 gratias
2222 2807 2431 2865 agens:
2473 2796 2534 2846 et
2570 2787 2663 2847 hic

1459 2875 1584 2928 erat
1639 2869 2005 2926 amaritanus.
2075 2865 2192 2923 Res
2232 2866 2447 2925 ondens
2466 2875 2661 2925 autem

1456 2946 1501 3007 J
1502 2967 1645 3019 esuS,
1673 2945 1857 3016 dixit3
1912 2944 2127 3002 Nonne
2207 2963 2359 3002 ecem
2401 2943 2662 3002 mundati

1457 3034 1610 3097 sunt,
1651 3034 1711 3084 et
1749 3043 1953 3083 novem
1994 3022 2091 3081 ubi
2131 3022 2308 3081 sunt?
2388 3020 2529 3079 Non
2572 3030 2658 3080 est

1457 3104 1720 3164 inventus
1786 3103 1843 3160 ui
1883 3100 2098 3160 rediret
2124 3107 2184 3158 et
2211 3099 2378 3158 daret
2414 3097 2657 3176 gloriam

1457 3184 1600 3254 Dec,
1627 3181 1735 3241 nisi
1804 3181 1855 3239 ic
1880 3179 2214 3258 alienigena.
2315 3177 2395 3236 Et
2419 3178 2502 3234 ait
2535 3177 2654 3237 illi:

1455 3259 1640 3340 Surge
1671 3274 1700 3313 s
1725 3267 1786 3319 et
1811 3273 1840 3312 8
1880 3258 2058 3317 vade:
2102 3255 2236 3334 quia
2275 3255 2418 3315 fides
2456 3261 2558 3313 tua
2595 3264 2655 3314 te

1452 3339 1667 3398 salvum
1693 3336 1842 3397 fecit.

1534 3416 1947 3493 offertorium.¹²

1522 3493 1785 3549 Immittit
1818 3489 2042 3564 angelus
2077 3487 2294 3543 Domini
2330 3486 2391 3542 in
2425 3485 2654 3542 circuitu

1449 3564 1765 3619 timentium
1781 3581 1904 3619 eum
1930 3567 1986 3618 et
2007 3560 2197 3644 eripiet
2219 3576 2307 3614 eos
2331 3578 2343 3612 ε
2368 3563 2582 3630 gustate
2600 3563 2657 3613 et

1449 3635 1641 3705 videte,
1667 3635 1923 3705 quoniam
1945 3649 2127 3688 suavis
2148 3635 2230 3686 est
2252 3630 2532 3684 Dominus.

1537 3706 1775 3765 Secreta.

1558 3785 1896 3864 Propitiare,
1949 3780 2220 3853 Domine,
2271 3778 2480 3859 populo
2533 3786 2649 3851 tuo,

1449 3863 1756 3940 propitiare
1778 3861 2129 3931 muneribus3
2158 3868 2223 3919 ut
2242 3858 2346 3916 hac
2367 3856 2649 3917 oblatione

1447 3940 1697 4018 placatus
1723 3949 1784 3998 et
1808 3937 2221 4017 indulgentiam
2248 3936 2409 3995 nobis
2434 3936 2650 3994 tribuas

1449 4026 1510 4077 et
1534 4016 1815 4096 postulata
1837 4017 2121 4075 concedas.
2202 4012 2336 4073 Per.

1441 4229 1466 4259 Θ
1507 4220 1593 4275 Ps.
1619 4217 1720 4273 xci.
1748 4215 1891 4288 (xcii.
1920 4216 1968 4286 1,
1994 4214 2070 4285 2.)
2092 4213 2193 4269 civ.
2228 4214 2328 4285 (cv.
2357 4213 2430 4283 1.)

1438 4290 1459 4329 ἲ
1506 4308 1618 4362 cap.
1644 4288 1772 4343 xvii.
1799 4286 1855 4340 O.
1885 4286 1954 4358 (v.
1985 4283 2198 4356 11-19.)

1436 4372 1465 4411 s
1500 4379 1612 4416 non
1636 4356 1837 4414 habent
1860 4356 1945 4410 92.
1974 4355 2057 4410 98.
2086 4354 2149 4408 V.

1436 4433 1466 4472 ¹²
1505 4433 1590 4490 Ps.
1617 4428 1804 4486 xxxiii.
1832 4427 2033 4500 (xxxiv.
2062 4426 2108 4495 7,
2138 4424 2213 4495 8.)
