2975 5009
64 277 188 346 273
218 296 399 344 Domi.
434 294 513 342 m
545 293 768 342 sams
801 289 1216 341 PALMARUM.

64 451 230 509 scitis».
308 450 412 509 Illi
433 458 626 509 autem
647 453 937 519 abeunteS,
961 447 1297 507 munierunt

66 528 453 608 sepulchrum,
500 531 790 610 signantes
838 527 1104 606 lapidem,
1161 545 1288 585 cum

66 610 412 666 custodibus

124 686 577 762 „Offertoriums

130 762 533 835 Improperium
571 763 872 834 expectavit
907 778 999 815 cor
1032 777 1211 814 meum
1237 764 1293 813 et

69 834 338 889 miseriam
361 854 372 887 ε
399 843 456 888 et
469 834 705 888 sustinui
724 833 817 903 qui
832 833 994 885 simul
1009 832 1289 886 contrista-

70 911 209 958 retur
239 912 298 959 et
325 922 438 959 non
460 905 569 958 fuit
596 925 608 957 :
633 905 998 959 consolantem
1025 920 1111 956 me
1141 918 1287 971 quee-

69 976 178 1044 sivi,
200 982 265 1031 et
286 992 399 1030 non
423 976 610 1029 inveni
639 996 650 1027 :
677 982 732 1029 et
755 975 1018 1028 dederunt
1037 973 1094 1025 in
1116 990 1289 1026 escam

72 1063 242 1101 meam
267 1047 345 1101 fel
373 1067 385 1101 2
411 1053 468 1101 et
501 1047 563 1100 in
587 1046 681 1100 siti
705 1063 825 1100 mea
847 1049 1170 1117 potaverunt
1203 1061 1290 1097 me

73 1125 235 1171 aceto.

145 1189 398 1248 Secreta.

147 1268 299 1338 Tibi,
339 1266 499 1325 Deus
541 1267 719 1326 Pater
754 1264 1131 1344 omnipotens,
1180 1263 1286 1321 im-

79 1345 334 1405 maculati
354 1346 516 1425 Agni
538 1344 807 1404 Paschale
825 1343 1115 1402 offerimus
1131 1342 1286 1400 holo-

77 1432 358 1495 caustum3
395 1424 556 1501 cujus
578 1444 679 1482 nos
706 1423 979 1501 sanguine
1000 1424 1071 1480 ab
1093 1429 1287 1480 exter-

80 1502 367 1561 minatoris
395 1503 709 1560 vastatione
727 1502 963 1561 salvatos
980 1501 1052 1558 ad
1069 1509 1284 1558 terram

79 1600 389 1715 {uaesumus
416 1589 533 1639 tuae
561 1580 1011 1659 repromissionis
1032 1579 1280 1637 inducaS.

128 1679 187 1717 er
212 1661 480 1718 eundem.

152 1735 432 1814 Praefatio
459 1737 816 1815 quotidiana.
899 1733 1288 1793 communiat)

147 1813 320 1884 Pater,
348 1815 394 1869 si
424 1832 538 1869 non
562 1820 736 1885 potest
771 1813 860 1867 hic
894 1809 1035 1867 calix
1060 1812 1287 1866 transire

84 1885 179 1939 nisi
202 1887 385 1941 bibam
411 1886 569 1938 illum
600 1906 611 1937 :
636 1885 733 1939 fiat
757 1885 1007 1939 voluntas
1030 1888 1140 1937 tua.

159 1956 635 2016 Postcommwnio.

157 2035 375 2095 Fideles
419 2045 565 2106 tuoS‚
622 2053 961 2112 quaesumuS,
1018 2032 1284 2103 Domine,

88 2114 349 2193 benignus
367 2113 604 2172 intende
624 2134 637 2170 ε
660 2121 725 2170 ut
745 2131 860 2170 suae
879 2110 1287 2188 redemptionis

84 2190 240 2250 initia
258 2191 590 2264 recolenteS,
617 2210 857 2269 quorum
886 2209 1124 2248 munere
1152 2197 1287 2248 sunt

83 2269 281 2343 refecti,
309 2291 509 2330 eorum
549 2269 851 2349 proficiant
891 2268 1280 2327 incrementis.

87 2346 210 2407 Per.

180 2505 391 2579 Feria
422 2506 732 2578 secwnda
761 2517 924 2601 post
955 2504 1287 2578 Domini·

84 2631 238 2677 cam
266 2608 350 2678 in
382 2607 644 2678 Ramis
677 2608 1135 2678 Palmarum.

160 2703 258 2761 Ad
282 2703 548 2762 Missam.
633 2703 943 2781 Officium.0

160 2780 379 2853 Judica,
422 2782 686 2853 Domine,
729 2791 994 2840 nocentes
1036 2800 1146 2852 me,
1188 2802 1289 2839 ex·

87 2879 269 2938 pugna
305 2862 705 2939 impugnantes
754 2880 880 2932 me3
925 2858 1288 2939 apprehende

86 2958 239 2997 arma
263 2947 321 2998 et
348 2948 599 2997 scutum:
650 2947 709 2997 et
749 2959 988 3016 exsurge
1029 2940 1090 2997 in
1130 2939 1288 3016 adju-

90 3016 290 3075 torium
327 3037 555 3076 meum:
600 3017 864 3089 Domine,
893 3018 1069 3077 virtus
1096 3016 1289 3076 salutis

92 3114 242 3153 meae.

169 3170 475 3230 Psalmus.‘¹

160 3248 382 3304 Effunde
409 3250 667 3305 frameam
697 3270 708 3302 ι
734 3256 790 3304 et
814 3250 1068 3305 conclude
1103 3249 1285 3304 adver-

92 3336 182 3373 sus
202 3337 282 3375 eos
306 3321 400 3390 qui
425 3327 821 3392 persequuntur
844 3339 944 3375 me.

168 3391 297 3450 Non
321 3393 539 3450 dicit-ur
563 3400 585 3426 ⁸
601 3393 882 3451 ulterius.⁰

174 3469 386 3529 oratic.

172 3547 275 3620 Da,
321 3566 664 3627 quaesumuS,
713 3548 1069 3628 omnipotens
1117 3550 1289 3620 Deus,

98 3632 161 3682 ut
199 3629 287 3702 qui
325 3630 384 3684 in
422 3635 511 3685 tot
550 3627 796 3685 adversis
843 3647 917 3685 ex
964 3635 1157 3685 nostra
1198 3627 1284 3684 in-

100 3702 359 3764 firmitate
384 3705 715 3765 deficimus:
754 3706 1141 3764 intercedente
1156 3704 1296 3776 ⁴uni-

96 3782 267 3859 geniti
317 3784 447 3841 Filii
485 3786 571 3842 tui
623 3784 878 3863 passione
930 3784 1288 3862 respiremus.

94 3860 208 3927 Qui
230 3870 431 3920 tecum.

179 3934 359 3997 Lectio
383 3940 583 3997 Esaiae
616 3937 953 4015 Prophetae!

178 4014 248 4072 In
276 4018 468 4076 diebus
506 4016 638 4088 illis,
683 4016 853 4076 Dixit
894 4018 1124 4090 Esaias3
1172 4020 1289 4078 Do-

162 4093 280 4152 inus
303 4096 456 4155 Deus
483 4116 643 4155 meus
669 4096 893 4173 aperuit
915 4095 1054 4155 mihi
1077 4117 1291 4172 aurem,

163 4211 247 4265 Ps.
268 4212 432 4268 lxviii.
459 4214 614 4286 (lxix.
641 4214 726 4281 20,
754 4214 865 4287 21.)

163 4281 312 4338 Matt.
332 4303 373 4339 c.
398 4286 544 4339 xxvi.
573 4288 644 4357 (v.
670 4285 783 4355 42.)

160 4350 246 4434 ξε.
268 4355 439 4411 xxxiv.
468 4356 653 4428 (xxxv.
681 4357 729 4426 1,
756 4357 832 4428 2.)

165 4423 336 4551 gloi'ia
352 4425 683 4631 {gtrisslfi
711 4497 796 4552 26.
825 4498 908 4552 57.

1382 286 1443 334 r.
1479 288 1559 335 11.
1584 288 1645 336 P.
1671 286 1845 337 nou.
1880 287 1959 335 m
1990 285 2217 337 natus
2250 284 2461 335 ram.
2493 264 2624 332 274

1406 462 1512 523 ego
1538 450 1730 503 autem
1759 463 1873 502 non
1901 446 2256 503 contradico:
2307 454 2621 504 retrorsum

1406 541 1524 580 non
1553 523 1685 581 abii.
1765 523 1984 602 Corpus
2006 544 2194 583 meum
2216 524 2346 582 dedi
2374 520 2619 602 percuti-

1406 602 1654 673 entibuS,
1710 609 1770 661 et
1815 621 1991 680 genas
2045 622 2199 661 meas
2245 601 2619 660 vellentibus:

1405 677 1608 738 faciem
1635 700 1821 738 meam
1864 700 1977 737 non
2018 682 2198 739 averti
2224 683 2295 739 ab
2323 680 2620 755 increpan-

1405 757 1561 815 tibus
1578 767 1637 817 et
1657 758 2093 838 conspuentibus
2109 759 2169 816 in
2190 779 2301 818 me.
2344 757 2621 815 Dominus

1409 833 1564 895 Deus
1610 836 1916 896 auxiliator
1957 857 2134 907 meus,
2174 838 2302 896 ideo
2338 855 2455 893 non
2493 855 2619 892 sum

1405 913 1697 973 confusus:
1743 916 1870 976 ideo
1896 916 2054 994 posui
2089 915 2286 975 faciem
2327 933 2512 971 meam
2553 918 2619 970 ut

1405 1000 1630 1070 petram
1673 994 2050 1065 durissimam,
2092 1001 2151 1053 et
2198 995 2311 1053 scio
2352 992 2617 1070 quoniam

1407 1089 1520 1128 non
1542 1072 1868 1131 confundar.
1910 1073 2096 1131 Juxta
2117 1081 2203 1131 est
2223 1073 2315 1149 qui
2338 1070 2616 1148 justificat

1406 1167 1518 1220 me,
1572 1150 1694 1227 quis
1747 1151 2094 1209 contradicet
2147 1150 2333 1209 mihi?
2400 1159 2616 1208 stemus

1406 1227 1596 1286 simul.
1680 1228 1824 1297 Quis
1878 1238 1964 1288 est
2014 1230 2362 1287 adversarius
2409 1229 2614 1286 meus?

1403 1307 1631 1365 accedat
1667 1308 1740 1365 ad
1772 1328 1882 1366 me.
1964 1306 2112 1366 Ecce
2147 1307 2423 1365 Dominus
2461 1307 2616 1364 Deus

1403 1384 1710 1443 auxiliator
1764 1405 1955 1444 meus:
2012 1386 2136 1462 quis
2190 1394 2278 1444 est
2333 1385 2429 1462 qui
2482 1404 2616 1442 con-

1403 1462 1639 1521 demnet
1660 1465 1795 1523 111θὲ
1875 1463 2021 1521 Ecce
2042 1483 2237 1522 omnes
2256 1463 2413 1540 quasi
2441 1465 2612 1520 vesti-

1403 1550 1664 1599 mentum
1716 1549 2100 1610 conterentur‚
2157 1542 2311 1599 tinea
2354 1541 2611 1598 comedet

1403 1638 1516 1676 eos.
1602 1618 1745 1686 Quis
1764 1639 1838 1677 ex
1864 1620 2022 1677 vobis
2041 1619 2249 1677 timens
2277 1619 2485 1688 Deum,
2513 1638 2612 1675 au·

1401 1698 1565 1755 diens
1592 1716 1781 1756 vocem
1808 1699 1953 1755 servi
1981 1698 2112 1756 sui?
2156 1698 2280 1774 quis
2308 1695 2614 1754 ambulavit

1403 1775 1460 1831 in
1480 1775 1752 1849 tenebris,
1774 1785 1833 1834 et
1852 1795 1966 1832 non
1991 1784 2077 1834 est
2097 1775 2287 1833 lumen
2309 1776 2402 1834 ei?
2423 1782 2615 1853 speret

1402 1854 1465 1910 in
1502 1853 1731 1913 nomine
1760 1852 2013 1925 Domini,
2043 1863 2103 1913 et
2128 1853 2406 1912 innitatur
2441 1872 2611 1931 super

1400 1930 1715 1991 Dominum
1744 1933 1932 1991 Deum
1959 1952 2140 1992 suum.

1487 2009 1794 2068 &adala

1475 2086 1730 2159 Exsurge,
1776 2088 2019 2158 Domine,
2058 2092 2114 2141 et
2149 2086 2372 2141 intende
2404 2084 2610 2156 judicio

1402 2174 1538 2227 mec,
1589 2158 1730 2213 Deus
1767 2176 1918 2213 meus
1958 2166 2015 2215 et
2058 2158 2321 2213 Dominus
2357 2173 2510 2210 meus
2550 2156 2610 2209 in

1402 2244 1617 2283 causam
1645 2247 1835 2284 meam.

1415 2298 1477 2353 V.
1550 2299 1780 2354 Effunde
1814 2300 2071 2355 frameam
2100 2319 2111 2354 ε
2138 2305 2193 2354 et
2227 2297 2482 2353 conclude
2515 2297 2606 2352 ad·

1403 2385 1586 2424 versus
1609 2388 1696 2425 eos
1720 2370 1815 2441 qui
1839 2389 1926 2426 me
1948 2377 2355 2443 persequuntur.
2445 2397 2450 2402 ·

1484 2442 1737 2500 Tractus.
1790 2441 2033 2512 Domine,
2060 2458 2171 2496 non
2199 2440 2509 2495 secundum.
2551 2451 2616 2501 ue

1397 2540 1576 2597 supra
1601 2520 1780 2578 Feria
1806 2530 1957 2579 sexta
1980 2530 2103 2598 post
2128 2521 2307 2580 Oculi.

1478 2598 1801 2659 Secundum
1828 2598 2201 2658 Johanneon.h

1482 2676 1647 2735 Ante
1687 2698 1792 2736 sex
1829 2677 1949 2735 dies
1983 2677 2215 2736 Paschae
2254 2678 2412 2737 venit
2441 2677 2610 2737 Jesus

1403 2753 1769 2825 Bethaniam,
1817 2756 1913 2812 ubi
1953 2754 2141 2814 fuerat
2174 2756 2422 2813 Lazarus
2457 2777 2610 2815 mor-

1401 2841 1533 2890 tuus
1553 2853 1719 2911 quem
1742 2833 2028 2891 suscitavit
2048 2833 2089 2891 J
2094 2853 2233 2892 esus.
2319 2834 2610 2895 Fecerunt

1402 2920 1592 2970 autem
1619 2911 1668 2970 ei
1693 2930 1909 2969 coenam
1933 2911 2037 2968 ibi:
2072 2919 2130 2969 et
2156 2911 2393 2969 Martha
2414 2912 2611 2971 minis-

1403 2992 1612 3061 trabat,
1673 2990 1922 3048 Lazarus
1976 3008 2108 3047 vero
2159 3009 2305 3047 unus
2360 2999 2483 3048 erat
2536 3011 2609 3049 ex

1401 3068 1882 3127 discumbentibus
1922 3087 2049 3125 cum
2091 3086 2177 3125 eo.
2256 3067 2449 3125 Maria
2474 3089 2610 3146 ergo

1400 3147 1618 3238 accepit
1655 3147 1857 3204 libram
1899 3144 2173 3223 unguenti
2214 3145 2376 3203 nardi
2423 3147 2606 3224 pistici

1404 3225 1653 3303 pretiosi,
1684 3233 1740 3283 et
1766 3224 1933 3284 unxit
1959 3224 2131 3302 pedes
2157 3222 2202 3280 J
2204 3242 2317 3295 esu,
2340 3232 2398 3281 et
2415 3232 2607 3283 exter-

1402 3302 1477 3361 sit
1505 3303 1716 3382 capillis
1748 3302 1861 3361 suis
1900 3302 2074 3382 pedes
2115 3302 2271 3378 ejus:
2311 3310 2368 3360 et
2409 3303 2608 3363 domus

1403 3381 1638 3459 impleta
1664 3388 1750 3440 est
1776 3402 1850 3440 ex
1877 3381 2047 3439 odore
2080 3380 2371 3458 unguenti.
2442 3382 2610 3442 Dixit

1404 3480 1541 3538 ergo
1582 3480 1726 3518 unus
1773 3479 1846 3519 ex
1897 3459 2181 3538 discipulis
2234 3460 2372 3538 ejuS,
2424 3459 2608 3519 Judas

1403 3536 1729 3611 Scariothis,
1777 3537 1874 3616 qui
1920 3546 2044 3597 erat
2091 3559 2219 3596 eum
2263 3539 2571 3597 traditurus
2588 3561 2606 3613 ;

1404 3616 1593 3684 Quare
1634 3616 1739 3676 hoc
1783 3624 2135 3695 unguentum
2192 3636 2304 3673 non
2359 3616 2572 3677 iveniit

1404 3695 1672 3754 trecentis
1689 3696 1957 3766 denariis,
1975 3703 2034 3753 et
2049 3696 2246 3752 datum
2265 3710 2350 3753 est
2371 3697 2561 3772 egenis
2581 3699 2604 3757 ἓ

1405 3773 1573 3832 Dixit
1610 3784 1800 3833 autem
1841 3771 1963 3845 hoc,
2006 3793 2118 3830 non
2158 3773 2289 3850 quia
2315 3774 2386 3831 de
2414 3775 2605 3852 egenis

1403 3852 1728 3930 pertinebat
1752 3852 1823 3910 ad
1852 3871 1999 3924 eum,
2027 3851 2127 3910 sed
2166 3851 2299 3929 quia
2337 3850 2428 3909 fur
2460 3863 2603 3927 erat,

1401 3939 1461 3988 et
1500 3930 1705 3989 loculos
1735 3929 1950 3988 habens
1976 3950 2044 3988 ea
2078 3950 2206 4008 quae
2233 3930 2607 3991 mittebantur

1400 4011 1682 4086 portabat.
1780 4007 1951 4065 Dixit
1992 4028 2129 4085 ergo
2171 4008 2214 4067 J
2216 4028 2374 4067 esus:
2421 4008 2605 4070 Sinite

1401 4087 1557 4145 illam
1588 4096 1651 4146 ut
1678 4087 1737 4145 in
1758 4086 1909 4144 diem
1929 4085 2234 4163 sepulturae
2255 4106 2399 4147 meae
2418 4098 2606 4148 servet

1401 4210 1422 4247 f
1457 4226 1570 4280 cap.
1598 4208 1634 4260 1.
1664 4207 1723 4260 C.
1750 4207 1821 4278 (v.
1850 4204 2034 4276 5-10.)

1403 4291 1430 4328 s
1468 4280 1553 4333 Ps.
1580 4278 1761 4332 xxxiV.
1790 4277 1973 4348 (xxxv.
1999 4275 2084 4342 23,
2115 4274 2200 4347 3.)

1400 4351 1430 4388 ¹²
1466 4367 1579 4421 cap.
1607 4350 1699 4402 xii.
1727 4349 1798 4400 A.
1826 4350 1896 4469 ἓν.
1926 4345 2106 4417 1-36)

1402 4420 1421 4458 ¹
1456 4417 1832 4476 venditur-9
1872 4414 1998 4469 ,4L
2017 4414 2101 4470 57.
