2975 5009
183 212 318 280 477
413 227 590 277 nou.
624 228 722 276 v1.
758 227 930 277 rosvr
963 229 1161 277 rrum.

187 384 436 463 plantati
455 384 587 443 facti
608 405 799 444 sumus
818 384 1174 443 similitudini
1199 382 1399 442 mortis

187 464 348 523 e'us:
397 462 568 521 simul
607 474 666 522 et
705 463 1128 521 resurrectionis
1169 461 1396 521 erimus.

256 561 322 599 oc
363 541 628 612 scienteS,
658 542 788 619 quia
813 550 974 599 vetus
1007 540 1178 598 homo
1205 550 1398 599 noster

190 619 375 677 simul·
432 619 735 678 crucifixus
789 628 893 690 est,
949 630 1013 678 ut
1075 619 1400 677 destruatur

191 717 399 776 corpus
428 699 661 775 peccati,
683 706 748 756 ut
775 697 925 756 ultra
949 718 1063 755 non
1091 697 1398 755 serviamus

192 785 446 867 peceato.
572 776 689 844 Qui
753 776 906 834 enim
975 787 1229 833 mortuus
1295 783 1400 846 est,

186 854 536 932 Justificatus
576 865 664 914 est
701 875 737 913 a
774 863 1019 932 peccato.
1102 854 1162 912 Si
1206 862 1400 912 autem

194 932 413 991 mortui
438 953 631 991 sumus
656 953 783 990 cum
810 931 1039 992 Christo
1062 954 1076 992 ε
1120 932 1399 989 credimus

193 1010 329 1088 quia
370 1010 543 1070 simul
585 1012 757 1070 etiam
804 1011 1052 1068 vivemus
1095 1030 1221 1068 cum
1267 1009 1398 1067 illo:

193 1090 440 1148 scientes
478 1091 628 1180 quod
672 1088 932 1149 Christus
979 1108 1278 1167 resurgens
1326 1107 1399 1146 ex

197 1168 442 1227 mortuis
486 1188 611 1246 jam
655 1188 769 1225 non
814 1168 1073 1237 moritur,
1122 1186 1274 1224 mors
1316 1164 1400 1223 illi

195 1246 353 1306 ultra
392 1266 510 1304 non
548 1245 950 1304 dominabitur.
1040 1245 1204 1312 Quod
1246 1245 1400 1302 enim

199 1333 461 1384 mortuus
528 1333 614 1383 est
678 1332 923 1403 peccato,
992 1332 1248 1380 mortuus
1315 1330 1401 1381 est

198 1401 417 1463 semel:
470 1403 618 1479 quod
657 1411 849 1460 autem
889 1401 1045 1471 vivit,
1090 1401 1226 1459 vivit
1258 1401 1401 1459 Deo.

201 1481 302 1541 Ita
360 1490 422 1539 et
476 1501 570 1539 vos
624 1480 949 1553 existimate
1002 1498 1100 1536 vos
1152 1488 1405 1537 mortuos

198 1560 436 1638 quidem
476 1579 597 1618 esse
636 1567 881 1637 peccato,
922 1558 1174 1616 viventes
1211 1566 1403 1616 autem

199 1639 349 1710 Deo,
377 1640 438 1695 in
465 1638 694 1697 Christo
718 1637 761 1695 J
763 1657 860 1696 esu
886 1635 1136 1694 Domino
1162 1644 1373 1694 nostro.

290 1716 602 1773 &addest

289 1793 625 1861 Convertere,
670 1791 915 1861 Domine,
963 1790 1404 1860 aliquantulum:

198 1870 257 1921 et
281 1866 348 1919 de
386 1881 562 1918 recare
582 1879 742 1934 super
762 1878 938 1917 servos
961 1867 1096 1915 tuos.

212 1935 274 1991 V.
434 1935 596 2017 mine,
620 1933 888 2003 refugium
919 1931 1098 2014 factus
1133 1948 1189 1986 es
1217 1930 1404 1985 nobis:

199 2024 235 2061 a
256 2009 683 2147 gAelllzlliiggifflV‘it
713 2019 1027 2144 ffirlcffemze
1067 2072 1135 2127 de
1170 2071 1407 2126 inimicis

198 2147 348 2217 meis,
389 2147 534 2200 Deus
568 2161 721 2198 meus
754 2164 766 2198 :
803 2149 860 2199 et
893 2143 962 2198 ab
1003 2143 1408 2214 insurgentibus

200 2219 263 2272 in
285 2235 376 2272 me
404 2217 574 2272 libera
595 2233 697 2270 me.

281 2289 607 2349 Sectmdum
633 2286 1026 2344 Mauhaeum.b

280 2368 355 2425 In
395 2366 494 2425 illo
519 2375 796 2444 tempore,
826 2364 997 2423 Dixit
1034 2363 1204 2422 Jesus
1239 2361 1406 2420 disci-

201 2445 349 2525 pulis
378 2446 530 2517 suis3
564 2446 753 2503 Amen
780 2443 907 2501 dico
934 2439 1119 2513 vobis,
1138 2440 1269 2518 quia
1298 2441 1406 2498 nisi

203 2525 579 2583 abundaverit
597 2522 825 2601 justitia
864 2529 1051 2579 vestra
1084 2518 1209 2599 plus
1235 2538 1403 2597 quam

203 2604 529 2663 Scribarum
569 2611 629 2660 et
671 2599 1108 2670 Pharisaeorum,
1156 2617 1269 2655 non
1317 2597 1404 2654 in-

203 2681 432 2741 trabitis
448 2681 507 2737 in
524 2698 762 2757 regnum
780 2677 1066 2736 coelorum.
1141 2677 1404 2734 Audistis

200 2762 334 2838 quia
351 2758 568 2817 dictum
590 2766 675 2816 est
695 2755 967 2833 antiquis:
996 2754 1059 2813 N
1060 2775 1132 2813 on
1154 2755 1401 2815 occides:

240 2840 296 2896 ui
338 2845 532 2896 autem
561 2835 849 2905 occiderit,
877 2854 1006 2892 reus
1032 2834 1143 2892 erit
1177 2833 1402 2911 judicio.

201 2859 327 2994 {go
370 2924 562 2974 autem
615 2914 741 2972 dico
787 2913 982 2973 vobis:
1043 2913 1177 2989 quia
1222 2912 1405 2969 omnis

203 2996 297 3072 qui
314 2995 577 3052 irascitur
591 2991 757 3051 fratri
773 3010 890 3062 suc,
908 3011 1036 3051 reus
1054 2990 1164 3048 erit
1184 2990 1403 3061 'udicio,

204 3074 315 3142 Qui
357 3080 550 3131 autem
575 3071 791 3129 dixerit
830 3069 994 3127 fratri
1022 3088 1138 3141 suo,
1172 3070 1177 3073 ’
1226 3067 1402 3128 acha:

204 3172 334 3211 reus
355 3152 468 3210 erit
488 3149 739 3208 concilio.
825 3148 939 3215 Qui
959 3155 1147 3207 autem
1169 3145 1403 3218 dixerit,

203 3230 424 3289 Fatue:
467 3248 597 3286 reus
624 3227 734 3287 erit
772 3225 1052 3305 gehennae
1080 3225 1243 3305 ignis.
1343 3225 1407 3285 Si

206 3328 344 3402 ergo
384 3306 556 3366 offers
582 3325 787 3364 munus
820 3315 984 3364 tuum
1011 3304 1082 3362 ad
1126 3301 1318 3374 altare,
1350 3312 1409 3361 et

204 3387 283 3447 ib1
325 3385 649 3445 recordatus
690 3383 862 3442 fueris
901 3383 1032 3460 quia
1060 3383 1237 3440 frater
1277 3389 1406 3441 tuus

206 3465 381 3525 habet
420 3462 635 3542 aliquid
673 3463 971 3521 adversum
999 3470 1094 3520 te:
1151 3459 1406 3537 relinque

204 3545 282 3604 ibi
324 3562 532 3601 munus
571 3550 734 3599 tuum
775 3550 909 3599 ante
948 3540 1144 3611 altare,
1174 3546 1234 3597 et
1264 3539 1407 3597 vade

205 3624 364 3702 prius
405 3619 751 3679 reconciliari
790 3617 957 3676 fratri
996 3627 1131 3677 tuo:
1175 3626 1234 3675 et
1271 3624 1409 3675 tunc

205 3701 437 3762 veniens
464 3698 666 3757 offeres
693 3716 897 3754 munus
922 3704 1105 3755 tuum.

284 3777 698 3854 Ολῗέἰίΐικηῖιι7η.θ

292 3854 499 3911 Perfice
532 3868 743 3924 gressus
777 3867 923 3905 meos
956 3850 1017 3905 in
1053 3849 1260 3905 semitis
1282 3849 1406 3920 tuis,

203 3931 267 3982 ut
289 3942 404 3981 non
427 3928 747 3978 moveantur
767 3921 994 3993 vestigia
1020 3940 1141 3977 mea
1166 3941 1177 3975 :
1203 3921 1411 3976 inclina

203 4095 231 4127 ⁸
265 4087 354 4143 Ps.
380 4084 587 4139 lxxxix.
615 4085 718 4156 (xc.
748 4082 830 4151 13,
860 4082 933 4154 1.)
959 4081 1091 4138 lviii.
1119 4081 1234 4154 (lix.
1262 4081 1339 4153 2.)

202 4157 232 4197 b
268 4175 382 4229 cap.
409 4174 458 4211 v.
487 4155 544 4209 O.
575 4156 645 4226 (v.
672 4153 893 4225 20-24.)

206 4238 230 4267 ⁰
266 4228 353 4282 ΡΒ.
380 4226 491 4280 xvi.
519 4224 668 4297 (xvii.
696 4224 843 4289 5-7.)

207 4299 234 4337 ‘¹
270 4298 357 4352 Pe.
383 4296 526 4351 xxvi.
555 4292 741 4367 (xxvii.
771 4294 848 4364 6.)

208 4378 231 4407 θ
269 4368 298 4421 1
324 4368 523 4422 Johan.
550 4383 663 4437 cap.
691 4365 746 4419 ii.
776 4365 838 4418 D.
872 4365 944 4432 (v.
970 4362 1191 4434 21-25.)

206 4440 225 4476 ‘
269 4456 380 4495 non
402 4438 608 4494 habent
630 4435 716 4490 92.
744 4434 827 4489 97.
855 4434 941 4489 98.

1522 228 1687 275 ΗΕΒ.
1716 227 1888 276 rosv
1919 227 2107 275 o.V1.
2137 227 2325 276 Pos'r.
2353 228 2546 277 rrum.
2591 215 2721 282 478

1520 398 1704 436 aurem
1721 389 1872 436 tuam
1893 387 1948 436 et
1962 382 2156 436 exaudi
2175 384 2336 439 verba
2349 401 2483 452 mea,
2501 385 2725 440 mirifica

1519 452 1906 506 misericordias
1934 458 2071 520 tuas,
2108 453 2204 522 qui
2236 454 2409 509 salvos
2439 455 2571 510 facis
2606 473 2721 527 spe-

1518 528 1701 577 rantes
1724 523 1783 575 in
1813 529 1880 592 te,
1909 523 2153 578 Domine.

1597 593 1836 653 Secreta.

1585 672 1923 750 Propitiare,
1942 671 2205 744 Domine,
2225 671 2719 750 supplicationibus

1520 751 1745 822 nostris,
1787 757 1846 809 et
1885 750 1987 809 has
2034 750 2341 810 oblationes
2380 751 2720 811 famulorum

1520 837 1746 888 tuorum
1798 830 2075 908 benignus
2126 849 2386 901 assume3
2456 839 2520 887 ut
2566 831 2715 911 qnod

1519 906 1727 985 singuli
1780 906 2109 967 obtulerunt
2165 907 2238 965 ad
2304 907 2577 966 honorem
2634 911 2718 968 tui

1520 984 1767 1120 {ominis
1794 986 2011 1045 cunctis
2051 985 2315 1066 proficiat
2342 987 2414 1044 ad
2455 986 2716 1047 salutem.

1571 1083 1652 1122 er.

1604 1139 1988 1200 Commwni0.<¹

1592 1217 1839 1272 Circuibo
1868 1223 1924 1272 et
1959 1218 2249 1273 immolabo
2283 1218 2345 1272 in
2380 1220 2726 1275 tabernaculo

1520 1287 1640 1358 ejus
1697 1288 1929 1343 hostiam
1982 1289 2343 1360 jubilationis,
2393 1293 2623 1347 cantabo
2668 1296 2726 1347 et

1520 1359 1791 1430 psalmum
1815 1359 1990 1413 dicam
2016 1360 2262 1415 Domino·

1602 1428 2075 1488 Poetcommunio.

1600 1507 1773 1580 Quos,
1795 1509 2058 1580 Domine,
2079 1508 2292 1568 coelesti
2317 1510 2467 1567 dono
2487 1509 2723 1583 satiasti,

1522 1595 1752 1721 praesta,
1777 1605 2115 1663 quaesumus,
2142 1595 2208 1645 ut
2234 1607 2269 1644 a
2308 1589 2516 1646 nostris
2556 1607 2723 1646 mun-

1566 1684 1727 1723 emur
1767 1663 2015 1734 occultis,
2044 1674 2104 1724 et
2129 1666 2199 1723 ab
2240 1665 2486 1723 hostium
2516 1665 2723 1726 libere-

1525 1763 1656 1802 mur
1671 1742 1909 1802 insidiis.
1984 1741 2100 1803 Per
2117 1744 2427 1802 Dominum
2445 1753 2721 1803 nostrum.

1627 2011 1842 2085 Feria
1936 2025 2171 2087 uam.

1620 2109 1816 2168 Lectio
1938 2111 2161 2189 pistolae
2228 2110 2376 2169 beati
2440 2111 2496 2170 J
2489 2112 2729 2171 ohannis

1524 2186 1833 2265 Apostoli.e

1603 2266 1912 2339 Carissimi,
1953 2265 2093 2326 Non
2133 2267 2330 2347 scripsi
2371 2271 2529 2329 vobis
2571 2269 2730 2348 quasi

1524 2344 1916 2423 ignorantibus
1969 2347 2290 2419 veritatem,
2332 2350 2428 2408 sed
2483 2353 2505 2392 t
2526 2349 2683 2428 quasi
2710 2351 2731 2391 ¹

1525 2424 1828 2482 scientibus
1855 2443 2018 2485 eam:
2060 2426 2324 2503 quoniam
2366 2447 2533 2486 omne
2568 2446 2730 2485 men-

1525 2502 1747 2560 dacium
1777 2522 1850 2561 ex
1878 2502 2117 2562 veritate
2145 2524 2257 2562 non
2286 2514 2389 2564 est.
2471 2506 2611 2573 Quis
2640 2513 2728 2565 est

1525 2580 1795 2652 mendax,
1839 2581 1948 2638 nisi
1991 2581 2038 2638 is
2118 2583 2176 2639 ui
2230 2582 2412 2642 credit
2459 2584 2727 2660 quoniam

1525 2657 1569 2716 J
1570 2677 1695 2716 esus
1748 2678 1863 2716 non
1917 2666 2002 2717 est
2144 2659 2367 2721 ristus?
2474 2662 2591 2720 Hic
2644 2670 2731 2720 est

1526 2734 1940 2808 Antichristus,
1994 2737 2092 2814 qui
2146 2749 2318 2815 negat
2380 2739 2615 2797 Patrem
2669 2747 2730 2798 et

1525 2813 1755 2871 Filium.
1841 2813 2043 2873 Omnis
2060 2815 2156 2893 qui
2175 2825 2344 2893 negat
2365 2815 2598 2887 Filium,
2621 2837 2727 2876 nec

1527 2891 1757 2950 Patrem
1780 2889 1978 2951 habet:
2014 2894 2111 2970 qui
2130 2900 2160 2939 ⁸
2173 2903 2401 2952 autems
2421 2894 2730 2953 confitetur

1527 2969 1753 3041 Filium,
1783 2979 1843 3028 et
1883 2970 2116 3030 Patrem
2143 2971 2335 3031 habet.
2418 2972 2540 3030 Vos
2574 2974 2729 3051 quod

1525 3048 1758 3107 audistis
1783 3050 1855 3106 ab
1891 3049 2056 3108 initio
2083 3050 2143 3107 in
2172 3049 2327 3109 vobis
2354 3059 2723 3129 permaneat:

1526 3126 1673 3195 Quia
1724 3128 1771 3185 si
1826 3128 1886 3183 in
1939 3128 2094 3186 vobis
2146 3129 2525 3207 permanserit
2575 3131 2728 3208 quod

1525 3206 1762 3264 audistis
1799 3208 1871 3264 ab
1911 3205 2095 3278 initio,
2142 3213 2201 3265 et
2240 3226 2337 3264 vos
2377 3207 2437 3263 in
2478 3206 2625 3265 Filio
2667 3217 2729 3268 et

1527 3282 1702 3343 Patre
1746 3284 2066 3343 manebitis„
2162 3284 2241 3343 Et
2268 3284 2391 3343 haec
2418 3294 2505 3343 est
2532 3305 2726 3365 repro-

1527 3363 1738 3435 missio,
1755 3382 1923 3440 quam
1943 3363 2060 3440 ipse
2077 3361 2355 3441 pollicitus
2371 3372 2457 3422 est
2475 3362 2506 3400 ¹²
2518 3364 2728 3436 nobiS,¹¹

1528 3442 1740 3498 ¹vitam
1768 3446 2086 3500 aeternam.¹

1608 3517 1995 3596 Evanqelium
2016 3542 2034 3578 .-
2073 3517 2393 3579 Secundmn
2413 3515 2728 3578 Marcum)

1607 3595 1681 3653 In
1708 3597 1805 3656 illo
1832 3607 2107 3675 tempore,
2128 3597 2273 3657 cum
2295 3618 2551 3676 egressus
2578 3605 2727 3656 esset

1525 3674 1569 3733 J
1570 3693 1694 3734 esus
1721 3676 1781 3733 in
1807 3677 1913 3749 via,
1942 3695 2295 3753 praecurrens
2320 3677 2550 3755 quidam
2575 3696 2725 3754 genu

1527 3752 1683 3812 flexo
1746 3763 1882 3814 ante
1947 3774 2097 3826 eum,
2155 3752 2539 3832 interrogabat
2596 3773 2726 3812 eum

1528 3831 1723 3890 dicens
1744 3853 1760 3904 ;
1789 3832 2070 3912 Magister
2094 3835 2258 3904 bone,
2286 3834 2423 3910 quid
2444 3833 2643 3892 faciam
2661 3844 2727 3891 ut

1528 3910 1703 3968 vitam
1756 3918 2033 3971 aeternam
2091 3912 2400 3991 percipiam
2427 3913 2452 3971 ἓ
2557 3911 2601 3970 J
2602 3931 2728 3970 esus

1528 4087 1557 4125 s
1591 4094 1702 4132 non
1728 4078 1931 4132 habent
1955 4077 2040 4131 92.
2068 4077 2153 4132 97.
2181 4078 2265 4134 98.
2292 4079 2360 4134 V.

1528 4148 1560 4186 h
1595 4147 1917 4202 vobis—92.
1946 4147 2029 4202 98.
2058 4147 2155 4203 4L.
2184 4150 2268 4206 57.

1527 4219 1543 4256 i
1590 4219 1667 4273 sic
1707 4218 1789 4273 15.
1840 4218 1927 4272 &a
1969 4218 2083 4274 vita
2116 4220 2506 4276 aeterna-412.
2564 4219 2727 4276 8RM.

1525 4290 1639 4343 vita
1664 4293 1746 4342 est
1768 4289 2148 4344 aeterna—57.

1520 4360 1538 4407 i
1588 4375 1701 4430 cap.
1728 4376 1778 4412 x.
1807 4358 1862 4412 Ο.
1892 4360 1962 4430 (v.
1992 4358 2207 4430 17-21.)
