2975 5009
311 272 443 337 543

273 487 282 498 .
387 440 713 501 Psalmus.⁸

378 520 591 589 Venite,
624 516 958 573 exsultemus
995 516 1228 572 Domino
1272 536 1284 571 ε
1317 515 1518 588 jubile-

307 607 430 644 mus
454 591 566 645 Deo
588 587 815 645 salutari
840 593 1038 643 nostro.

390 661 593 721 Omnes
632 660 949 731 OrationeS,
982 666 1194 737 praeter
1230 658 1516 729 ultimam,

308 741 579 799 dicuntur
614 741 736 798 sine
778 738 1058 797 Dominus
1098 737 1384 796 vobiscum
1422 737 1520 795 sed

309 827 530 877 tantum
558 838 687 877 cum
716 816 982 876 Oremus.

389 896 610 957 Oratio.

388 976 772 1053 Omnipotens
811 973 1160 1053 sempiterne
1201 971 1380 1043 Deus,
1418 970 1519 1050 qui

305 1074 412 1133 per
464 1052 873 1112 continentiam
926 1051 1233 1111 salutarem
1282 1059 1342 1110 et
1393 1070 1517 1108 cor·

306 1133 534 1212 poribus
570 1131 817 1190 mederis
853 1137 914 1188 et
955 1129 1269 1201 mentibus;
1311 1129 1518 1207 majes-

305 1219 486 1270 tatem
525 1219 682 1269 tuam
725 1207 1052 1287 suppliciter
1092 1227 1410 1278 exoramuS,
1451 1214 1518 1265 ut

307 1290 404 1369 pia
421 1286 808 1367 jejunantium
835 1285 1235 1365 deprecatione
1264 1285 1517 1364 placatus

307 1377 369 1428 et
456 1365 722 1425 raesentia
762 1365 924 1424 nobis
971 1364 1222 1424 subsidia
1258 1366 1517 1443 praebeas

308 1455 367 1507 et
454 1454 601 1504 tura.
684 1445 819 1503 Per.

390 1523 598 1584 Omnes
651 1519 938 1580 Lectiones
991 1540 1117 1579 cum
1162 1521 1283 1579 suis
1329 1519 1516 1578 titulis

308 1603 582 1679 leyomtur.
689 1600 718 1639 Β
744 1600 1093 1658 Discum-rant
1138 1596 1426 1657 Lectiones
1465 1606 1517 1656 et

316 1680 612 1738 Gradalia
638 1678 771 1737 hinc
798 1678 932 1735 inde
957 1685 1021 1735 ut
1059 1698 1235 1754 supra
1261 1677 1328 1735 in
1357 1675 1515 1747 Qua-

307 1767 436 1817 tuor
461 1767 511 1817 te
688 1757 796 1813 ‘bus
822 1755 1121 1813 Adventus
1147 1754 1443 1814 Domini.b

386 1837 582 1895 Lectio
610 1835 749 1893 libri
775 1832 1091 1903 Leviticae

390 1915 465 1973 In
485 1916 683 1974 diebus
703 1913 831 1984 illis,
850 1914 1102 1971 Locutus
1129 1919 1217 1971 est
1234 1911 1514 1970 Dominus

306 1995 381 2052 ad
399 1993 663 2071 Moysen,
684 1992 874 2050 dicens
883 2012 900 2063 3
930 1990 1168 2049 Decimo
1186 1989 1279 2047 die
1305 1990 1514 2049 mensis

308 2071 477 2149 hujus
517 2070 766 2150 septimi,
793 2069 914 2127 dies
961 2067 1350 2145 expiationum
1398 2067 1514 2125 erit

307 2150 727 2219 celeberrimuS,
780 2155 841 2206 et
895 2147 1181 2205 vocabitur
1232 2154 1455 2204 sanct-us
1497 2168 1511 2205 ε

307 2228 684 2307 affligetisque
723 2225 942 2283 animas
982 2233 1196 2281 vestras
1234 2222 1296 2280 in
1335 2243 1423 2295 e0,
1453 2232 1515 2283 et

308 2306 563 2367 offeretis
584 2303 967 2362 holocaustum
990 2302 1254 2360 Domino.
1325 2301 1514 2361 Omne

308 2405 447 2463 opus
487 2381 690 2442 servile
730 2400 843 2438 non
889 2379 1106 2438 facietis
1151 2380 1212 2437 in
1251 2388 1513 2458 ternpore

307 2463 422 2523 diei
462 2461 663 2539 hujus:
719 2460 851 2537 quia
889 2459 1011 2516 dies
1037 2459 1377 2537 expiationis
1404 2470 1510 2532 est,

307 2550 374 2600 ut
425 2539 771 2620 propitietur
822 2537 978 2596 vobis
1024 2538 1309 2595 Dominus
1353 2537 1511 2597 Deus

308 2629 516 2679 vester.
621 2616 826 2676 Omnis
878 2616 1069 2675 anima
1120 2636 1247 2694 quoe
1299 2615 1514 2675 afflicta

310 2719 425 2757 non
450 2697 624 2756 fuerit
662 2697 756 2754 die
783 2695 907 2765 hoc,
944 2695 1154 2773 peribit
1179 2694 1252 2755 de
1333 2694 1514 2774 opulis

311 2778 462 2837 suis:
506 2787 565 2835 et
592 2795 721 2853 quae
749 2773 1266 2852 operis·quidpiam
1316 2774 1510 2846 ecerit,

309 2855 509 2916 delebo
562 2874 687 2914 eam
741 2853 815 2911 de
868 2850 1075 2932 populo
1129 2872 1246 2911 suc.
1345 2851 1513 2910 Nihil

309 2954 447 3014 ergo
487 2933 672 3012 operis
697 2930 912 2990 facietis
948 2934 1008 2988 in
1046 2951 1149 2990 eo:
1191 2929 1510 3009 legitimum

310 3012 721 3091 sempiternum
783 3009 894 3069 erit
958 3010 1115 3068 vobis
1174 3010 1236 3066 in
1296 3010 1511 3068 cunctis

309 3089 766 3170 generationibus
808 3095 868 3147 et
909 3087 1348 3147 habitationibus
1389 3107 1513 3145 ves-

311 3171 434 3227 tris.
517 3169 824 3228 Sabbatum
847 3167 1217 3246 requietionis
1236 3174 1341 3238 est,
1362 3164 1510 3223 affli-

308 3247 563 3338 getisque
605 3247 822 3305 animas
868 3255 1101 3305 vestras.
1204 3245 1315 3304 Die
1360 3264 1512 3303 nono

312 3345 526 3385 mensis
571 3325 739 3403 hujus
798 3344 834 3382 a
897 3345 1131 3403 vespere
1196 3343 1372 3401 usque
1437 3323 1508 3380 ad

313 3424 609 3482 vesperum
637 3402 992 3463 celebrabitis
1031 3402 1264 3461 sabbata
1302 3408 1511 3474 vestra,

311 3483 449 3541 dicit
476 3481 753 3541 Dominus
780 3479 1155 3558 omnipotens.

400 3558 704 3617 Gradale.‘²

383 3637 658 3710 Propitius
692 3639 818 3703 esto,
846 3631 1090 3700 Domine,
1128 3631 1359 3702 peccatis
1393 3650 1513 3687 nos-

311 3708 412 3762 tris
450 3729 463 3762 :
503 3706 791 3777 nequando
838 3703 1025 3757 dicant
1063 3708 1265 3773 gentes,
1304 3704 1397 3757 ubi
1433 3709 1516 3758 est

314 3779 458 3833 Deus
480 3795 682 3832 eorum.

326 3850 386 3905 V.
459 3848 683 3919 Adjuva
712 3859 825 3913 nos,
853 3842 997 3897 Deus
1019 3842 1269 3896 salutaris
1300 3849 1478 3899 noster
1503 3865 1513 3897 :

310 3926 368 3976 et
404 3926 620 3991 propter
655 3917 913 3972 honorem
951 3913 1187 3969 nominis
1220 3916 1320 3984 tui,
1360 3924 1385 3954 θ
1409 3916 1514 3969 Do-

312 3999 503 4061 mme‚0
526 3988 697 4044 libera
719 4003 829 4041 nos.

308 4141 339 4242 ζ
373 4127 713 4282 ἒιῐέιξῖίαέἐηὺ
735 4196 820 4252 92.
848 4196 933 4252 94.
960 4196 1045 4252 97.
1072 4196 1157 4253 98.
1185 4197 1345 4254 Grad.

313 4282 343 4380 ε
374 4288 488 4393 <s-
504 4268 1119 4411 maaziau,
1147 4339 1222 4410 9.)

316 4420 340 4448 0
372 4425 482 4463 non
506 4409 709 4466 habent
732 4410 816 4466 92.
844 4410 930 4465 98.
1179 4443 1182 4447 v

312 4490 338 4529 f
368 4495 481 4550 cap.
509 4481 657 4535 xxiii.
686 4482 743 4535 F.
772 4482 843 4553 (v.
874 4478 1093 4548 39-43.)

590 282 917 334 SABBA'PO
951 281 1293 342 QUATUOR
1327 281 1729 331 TEMPORUM
1764 281 2033 331 MENsls
2066 281 2538 331 SEPTEMBRIS.

2713 268 2837 332 544

1714 438 1857 496 Non
1884 446 2170 517 repetatur
2198 438 2471 498 Gradale.

1716 517 1936 576 Oratio,

1712 597 1803 653 Da
1856 595 2037 667 nobis,
2089 614 2430 672 quaesumus,
2479 597 2835 688 omnipotens

1636 675 1809 746 Deus,
1828 682 1893 733 ut
1904 675 2216 753 jejunando
2230 684 2329 732 tua
2347 674 2537 753 gratia
2550 684 2832 748 satiemur,

1633 759 1693 810 et
1720 753 2060 811 abstinendo
2078 752 2294 811 cunctis
2320 753 2641 812 efficiamur
2666 754 2832 813 hosti·

1632 831 1737 888 bus
1763 829 2042 889 fortiores.
2126 832 2240 898 Per
2268 832 2604 890 Dominum.

1710 908 1905 967 Lectio
1933 908 2072 966 libri
2096 906 2394 968 Levitiei.f

1713 986 1788 1044 In
1810 987 2007 1046 diebus
2027 986 2154 1059 illis,
2175 988 2424 1046 Locutus
2442 995 2532 1047 est
2558 987 2831 1047 Dominus

1631 1064 1704 1122 ad
1732 1065 1996 1142 Moysen,
2018 1065 2239 1141 dicens;
2283 1066 2729 1135 Quintodecimo
2744 1067 2829 1126 die

1633 1143 1841 1202 mensis
1856 1144 2103 1222 septimi,
2114 1145 2341 1223 quando
2358 1145 2828 1224 congregaveritis

1633 1239 1828 1280 omnes
1891 1222 2106 1280 fructus
2170 1232 2346 1281 terres
2410 1233 2643 1296 vestrae,
2697 1222 2828 1282 cele·

1631 1299 1867 1359 brabitis
1893 1299 2062 1360 ferias
2091 1301 2329 1360 Domini
2346 1310 2573 1380 septem
2601 1302 2827 1373 diebus;

1630 1376 1722 1437 die
1741 1378 1930 1456 primo
1956 1387 2017 1436 et
2042 1378 2137 1438 die
2163 1388 2361 1438 octavo
2381 1381 2496 1439 erit
2522 1383 2828 1450 sabbatum,

1630 1455 1690 1512 id
1717 1465 1805 1515 est
1831 1457 2069 1535 requies.
2170 1459 2537 1537 Sumetisque
2564 1459 2723 1517 vobis
2747 1456 2827 1516 die

1628 1534 1818 1612 primo
1867 1534 2082 1594 fructus
2133 1537 2355 1596 arboris
2407 1536 2824 1616 pulcherrimae‚

1629 1612 1991 1692 spatulasque
2029 1613 2367 1692 palmarum,
2396 1625 2458 1674 et
2481 1635 2678 1673 ramos
2701 1615 2826 1693 ligni

1627 1690 1932 1750 densarum
1962 1691 2250 1751 frondium
2284 1704 2345 1752 et
2383 1694 2584 1753 salices
2623 1695 2696 1751 de
2721 1703 2825 1752 tor-

1627 1778 1812 1842 rente,
1861 1779 1922 1829 et
1966 1769 2298 1829 laetabimini
2345 1793 2539 1831 coram
2592 1771 2826 1830 Domino

1630 1848 1753 1906 Deo
1779 1856 1988 1907 vestr0.
2055 1849 2544 1929 Celebrabitisque
2573 1849 2825 1910 solemni·

1626 1933 1804 1984 tatem
1834 1927 1955 2005 ejus
1981 1935 2200 2005 septem
2228 1929 2427 1987 diebus
2455 1950 2564 2008 per
2589 1948 2822 1987 annum:

1625 2002 1945 2081 legitimum
2012 2006 2427 2084 sempiternum
2498 2009 2615 2066 erit
2681 2006 2824 2065 vobis

1626 2082 1685 2139 in
1741 2091 1768 2123 ⁸
1794 2083 2008 2141 cunctis
2035 2096 2064 2133 8
2103 2085 2566 2162 generationibus
2620 2085 2823 2145 vestris.

1625 2160 1833 2220 Mense
1878 2163 2123 2239 septimo
2167 2161 2313 2223 festa
2357 2163 2736 2236 celebrabitiS,
2773 2172 2827 2222 et

1625 2237 1954 2299 habitabitis
1989 2239 2051 2297 in
2087 2242 2426 2301 umbraculis
2472 2262 2535 2301 se
2577 2251 2695 2301 tem
2746 2242 2826 2300 di·

1626 2319 1764 2376 ebus
1793 2338 1805 2375 :
1849 2318 2030 2376 omnis
2057 2318 2155 2396 qui
2180 2320 2253 2379 de
2278 2341 2490 2399 genere
2556 2320 2703 2380 srael
2729 2329 2827 2394 est,

1627 2397 1881 2455 manebit
1919 2397 1979 2454 in
2028 2398 2445 2457 tabernaculis:
2500 2408 2571 2457 ut
2614 2401 2826 2458 discant

1666 2475 1844 2532 osteri
1901 2475 2074 2533 vestri
2130 2478 2283 2552 quod
2338 2478 2399 2533 in
2453 2477 2825 2537 tabernaculis

1625 2494 1883 2612 habitare
1935 2550 2167 2612 fecerim
2222 2555 2369 2613 filios
2438 2556 2643 2629 Israel,
2704 2578 2823 2615 cum

1625 2630 1925 2689 educerem
1955 2652 2048 2690 eos
2075 2633 2148 2691 de
2173 2640 2330 2692 terra
2355 2634 2627 2713 AEgypti.
2709 2637 2825 2714 Ego

1628 2709 1906 2767 Dominus
1933 2707 2092 2769 Deus
2116 2719 2323 2771 vester.

1713 2786 2023 2844 Gradale.¹²

1715 2864 1991 2919 Protector
2031 2870 2227 2935 noster,
2277 2866 2469 2938 aspice,
2522 2868 2672 2924 Deus
2718 2890 2730 2922 ε
2774 2874 2829 2923 et

1622 2935 1822 3006 respice
1847 2952 2006 3006 super
2028 2953 2204 2990 servos
2229 2942 2362 2991 tuos.

1637 3005 1697 3059 V.
1791 3006 2022 3060 Domine
2070 3007 2214 3060 Deus
2253 3007 2522 3062 virtutum

1624 3093 1805 3148 preces
1826 3093 2096 3131 servorum
2121 3083 2355 3133 tuorum.

1707 3147 1927 3206 Oratio·

1704 3226 1813 3297 Da,
1867 3245 2206 3304 quaesumus,
2256 3227 2521 3301 Domine,
2570 3230 2826 3289 fidelibus

1625 3305 1740 3363 tuis
1755 3304 1940 3363 benefi
1948 3305 2046 3363 ciis
2071 3304 2345 3382 gratulari
2364 3307 2698 3385 suppliciter
2722 3310 2825 3367 im-

1622 3382 1891 3462 ploratis:
1934 3390 1994 3441 et
2020 3383 2117 3459 qui
2138 3384 2368 3461 jejuniis
2395 3393 2455 3444 te
2482 3399 2825 3446 venerantur

1623 3460 1912 3532 exhibitis,
1941 3462 2219 3519 bonorum
2259 3470 2491 3520 tuorum
2518 3467 2695 3545 copiis
2719 3468 2823 3524 im-

1624 3538 1906 3619 pleantur.
1989 3539 2104 3597 Per
2134 3541 2463 3598 Dominum.

1703 3615 1898 3675 Lectio
1923 3616 2186 3675 Michaeae
2210 3617 2548 3696 Prophetae.¹

1703 3695 1951 3753 Domine
1967 3695 2124 3754 Deus
2141 3704 2352 3769 noster,
2370 3717 2539 3776 pasce
2561 3719 2637 3778 po
2675 3699 2825 3757 ulum

1622 3783 1784 3833 tuum
1811 3775 1870 3831 in
1895 3774 2054 3852 virga
2075 3781 2192 3846 tua,
2220 3794 2456 3909 {regem
2490 3775 2597 3835 her
2672 3779 2824 3837 itatis

1623 3860 1761 3923 tuae,
1784 3850 1803 3898 ³
1825 3851 2145 3922 habitantes
2176 3872 2239 3911 so
2261 3872 2322 3911 os
2363 3854 2423 3910 in
2450 3854 2640 3927 saltu)
2657 3858 2828 3934 juxta

2169 3931 2472 3991 Videbunt
2510 3943 2729 4012 gentes,
2770 3943 2831 3994 et

2577 3030 2589 3063 z
2641 3010 2828 3066 exaudi

1626 3931 1749 3990 dies
1787 3932 2072 4009 antiquOS.

1624 4135 1652 4173 s
1688 4141 1800 4179 non
1824 4123 2028 4179 habent
2051 4122 2136 4177 92.
2164 4122 2249 4179 98.
2275 4123 2372 4177 4Ιι.
2401 4124 2488 4181 57.
2515 4126 2583 4181 V.

1625 4196 1655 4234 h
1693 4195 1780 4250 Ps.
1807 4195 2017 4248 lxxxiii.
2047 4194 2274 4265 (lxxxiv.
2301 4195 2350 4265 9,
2380 4194 2457 4267 8.)

1625 4266 1640 4303 ἰ
1683 4283 1746 4319 ca
1785 4306 1796 4318 .
1825 4265 1916 4319 vii.
1943 4265 2001 4323 C.
2029 4265 2100 4336 (v.
2131 4263 2213 4335 14,
2242 4265 2325 4334 16,
2355 4266 2576 4338 18-20.)

1619 4336 1638 4382 J
1676 4334 1750 4389 ha
1785 4335 1984 4389 itantes
2000 4335 2138 4389 solos
2159 4335 2220 4387 in
2243 4336 2649 4391 salutem—15.
2675 4337 2833 4394 habi·

1624 4410 1832 4459 tantem
1847 4406 1907 4458 in
1921 4410 2064 4459 terra
2077 4405 2136 4458 in
2144 4405 2564 4463 salutem.-—4L.
2576 4409 2660 4463 57.
2678 4408 2835 4465 habi-

1625 4480 1803 4530 tantes
1826 4476 1962 4532 solos
1985 4480 2184 4531 terram
2206 4475 2267 4531 in
2290 4477 2614 4536 salta-92.
2633 4477 2717 4534 97.
2742 4480 2833 4534 98.
