2975 5009
355 230 476 294 331

351 401 563 458 Lustra
601 418 722 459 sex.
842 399 904 457 V.
957 401 1073 461 Hic
1114 411 1352 463 acetum.
1439 413 1469 443 ⁸
1499 404 1562 463 V.

351 479 547 537 Flecte
598 496 805 536 ramos.
898 478 959 537 V.
1018 479 1150 540 Sola
1173 483 1395 559 digna.⁸
1488 480 1559 540 V.

351 557 545 616 Gloria
571 566 630 616 et
656 556 857 614 honor.

447 635 565 692 His
617 634 833 711 finitis,
896 635 1214 713 deportetur
1266 658 1405 695 crux
1457 658 1563 715 per

349 714 602 771 medium
667 713 826 770 chori
890 733 928 769 a
983 716 1280 791 praedictis
1346 716 1560 773 duobus

347 790 722 849 sacerdotibus
742 790 844 848 ubi
862 810 901 847 a
910 793 1125 869 populo
1144 793 1411 851 adoretwr
1429 802 1559 852 ante

349 869 584 946 aliquod
636 869 862 940 altare;
915 877 966 926 et
1017 871 1250 929 interim
1303 879 1559 930 cantetur

347 947 462 1006 lzaec
495 968 720 1024 sequens
757 946 1097 1024 Antiphonti
1122 949 1190 1007 in
1225 950 1387 1007 choro
1426 970 1557 1008 cum

347 1046 448 1083 suo
484 1026 657 1084 Versu
681 1045 720 1082 a
746 1032 856 1082 toto
875 1026 1037 1083 choro
1063 1027 1296 1085 interim
1320 1028 1554 1086 sedente.

352 1101 566 1162 Ocmtor
621 1102 748 1160 inci
798 1102 810 1114 '
932 1103 1353 1181 Antiphonam,
1407 1110 1555 1163 Dum

343 1186 647 1243 fabricator.
760 1223 774 1237 .
803 1185 850 1239 Ο
873 1184 1202 1241 admirabile.
1276 1186 1501 1256 Aperto.

427 1258 693 1316 Adorata
728 1278 885 1315 cruce
924 1265 976 1315 et
999 1257 1183 1334 finita
1218 1256 1556 1335 Antiphone}

340 1336 624 1415 praedicta
675 1356 804 1394 cum
854 1356 954 1393 suo
1018 1335 1189 1393 Versu
1215 1356 1240 1406 ;
1288 1335 1555 1411 proedicti

348 1415 653 1473 sacerdotes
705 1434 772 1472 ea
822 1414 1131 1472 reverentia
1176 1433 1291 1489 qua
1335 1433 1555 1471 erucem

349 1501 520 1551 mitea
571 1494 600 1533 b
625 1496 1100 1569 emportaverunt,b
1141 1511 1251 1567 per
1300 1491 1555 1549 medium

349 1572 506 1629 chori
529 1591 699 1647 usque
725 1571 804 1629 ad
824 1590 1105 1628 summum
1141 1569 1321 1627 altare
1345 1569 1554 1628 iterum

348 1657 640 1728 reportent.

434 1803 599 1864 Tunc
636 1804 968 1863 conveniant
991 1822 1176 1861 omnes
1211 1802 1403 1861 clerici
1429 1802 1466 1838 ἦ
1484 1803 1553 1861 de

346 1884 509 1942 choro
549 1883 628 1940 ad
669 1881 907 1953 altare?
936 1889 986 1939 et
1011 1880 1277 1938 reinduat
1301 1881 1552 1940 sacerdos

345 1961 598 2020 casulam
617 1981 790 2038 quam
806 1960 977 2037 prius
997 1966 1241 2028 eccuerat,
1263 1967 1313 2015 et
1328 1960 1554 2017 accedat

344 2041 424 2097 ad
473 2040 719 2116 qradum
780 2038 984 2096 altaris
1037 2056 1164 2094 cum
1216 2036 1453 2094 oli-amm
1502 2046 1553 2095 et

342 2117 697 2189 subdiacon0,
717 2125 766 2174 et
793 2116 949 2173 dicat
973 2114 1269 2175 Confiteor
1295 2121 1345 2170 et
1370 2115 1551 2173 Mise-

344 2204 538 2254 reatur
565 2204 616 2253 et
654 2194 1086 2253 Absolutionem
1114 2212 1243 2249 cum
1280 2192 1551 2252 Precibus

342 2282 393 2331 et
440 2274 710 2332 Oratione
745 2271 931 2331 Aufer
972 2291 1008 2328 a
1054 2269 1235 2342 nobie,
1284 2271 1549 2343 Domine,

341 2372 492 2409 more
543 2352 706 2409 solito
739 2373 757 2408 :
824 2358 1012 2407 tamen
1063 2348 1156 2406 hic
1221 2368 1336 2406 non
1386 2349 1553 2407 detur

341 2430 590 2488 osculwm
614 2429 792 2507 pacis.

416 2508 643 2566 Deinde
667 2505 949 2582 sacrificio
987 2525 1154 2583 super
1193 2504 1373 2562 altare
1398 2524 1549 2563 more

336 2587 499 2644 solito
537 2586 782 2664 deposito
821 2592 873 2642 et
910 2584 1190 2641 incensato
1227 2603 1354 2639 cum
1386 2603 1549 2658 aquae

336 2672 388 2722 et
423 2665 550 2722 vini
588 2663 871 2741 infusione
905 2663 971 2720 in
1018 2662 1289 2732 calicem;
1339 2662 1550 2719 scilicet

335 2751 457 2820 post
509 2744 848 2801 ablutionem
893 2760 1186 2811 manuum,
1224 2739 1381 2796 dicat
1420 2760 1549 2797 cum

335 2821 733 2880 humiliatione
767 2840 957 2879 coram
997 2818 1191 2891 altari,
1227 2818 1302 2876 In
1343 2819 1549 2897 spiritu

336 2900 690 2971 humilitatis,
720 2908 770 2957 et
796 2907 1011 2970 coetera,
1039 2896 1338 2956 osculando
1367 2896 1548 2954 altare

336 2988 386 3038 et
415 2978 774 3037 benedicendo
794 2976 1140 3052 sacrificium
1151 2998 1174 3047 ;
1215 2984 1265 3033 et
1291 2983 1468 3034 vertat
1490 2995 1547 3033 se

334 3058 587 3131 dicend0‚
620 3057 796 3116 Orate
824 3055 1047 3126 fratreS,
1075 3074 1226 3112 more
1250 3055 1430 3112 solite.

412 3136 618 3194 Postea
644 3136 799 3194 dicat
826 3133 1017 3192 statim
1045 3132 1257 3205 humili
1277 3153 1398 3190 voce
1423 3132 1545 3190 sine

333 3224 468 3274 nota
522 3214 782 3275 Oremus.
842 3212 1152 3289 Praeceptis
1205 3210 1543 3270 salutaribus

333 3315 462 3354 cum
486 3292 752 3353 Oratione
767 3288 1124 3360 dominicali,
1141 3288 1351 3347 scilicet
1367 3289 1545 3348 Pater

1107 3374 1213 3437 eat,
1232 3366 1344 3427 Sed
1365 3366 1546 3427 libera

334 3382 547 3431 noster.
633 3371 850 3430 Choms
868 3367 1107 3445 respond

332 3472 435 3511 nos
463 3472 498 3508 a
522 3449 689 3507 malo.
744 3445 973 3505 Deinde
993 3446 1167 3515 dicat,
1197 3445 1405 3504 Libera.
1420 3466 1541 3518 nos,

370 3548 651 3589 usesumus
686 3533 738 3584 et
777 3526 870 3584 Da
910 3523 1204 3614 propitius.
1300 3523 1383 3582 In
1427 3545 1544 3601 qua

331 3551 646 3678 aratione:³
685 3606 824 3662 dum
862 3602 1079 3660 dicitur
1113 3600 1226 3660 Per
1253 3603 1543 3674 eundem,⁰

314 3687 561 3766 franqat
588 3703 785 3762 empus
814 3678 1066 3739 Domini
1089 3678 1233 3737 sicut
1257 3681 1389 3739 solet
1400 3681 1544 3755 fieri

291 3832 294 3835 ’
328 3844 358 3874 ⁸
393 3852 504 3890 non
540 3832 744 3887 habent
785 3828 872 3881 92.
899 3826 983 3881 94.
1012 3826 1096 3880 98.
1123 3826 1219 3880 4L.
1248 3826 1411 3882 8RM.
1451 3827 1537 3883 57.

329 3906 491 3963 Grad.
519 3919 693 3973 neque
718 3896 1135 3953 Processionalia
1149 3914 1272 3969 quae
1288 3898 1537 3955 vidimus.

330 3979 358 4018 b
393 3968 981 4049 asportaverunt—94.
1009 3968 1096 4024 97.

327 4121 365 4154 '¹‘
399 4119 462 4172 in
485 4109 885 4170 chora—Grati.

327 4192 365 4260 †
401 4186 723 4242 AEstimatus
739 4199 858 4235 sum
879 4197 1001 4235 cum
1017 4179 1460 4236 descendentibus
1477 4181 1537 4235 in

325 4262 521 4315 laeum.
621 4254 816 4308 Factus
861 4267 981 4305 sum
1023 4251 1164 4306 sicut
1210 4252 1372 4307 homo
1419 4252 1536 4307 sine

324 4331 413 4402 adj
421 4327 607 4397 utori0,
634 4325 778 4379 inter
802 4328 1038 4378 mortuos
1061 4322 1209 4379 liber.

1085 245 1306 296 suum
1342 248 1573 297 saxu
1604 246 1684 299 m
1716 247 2167 298 PARAsouvs.
2763 237 2863 303 832

1684 404 1894 462 eoeteris
1920 404 2132 464 diebus.
2213 406 2439 464 Deinde
2464 405 2625 465 dieat
2649 409 2863 499 modesta

1680 503 1822 554 voce,
1865 482 2123 541 videlicet
2162 484 2286 542 sine
2329 494 2482 556 nota,
2537 485 2656 544 Per
2704 507 2862 545 omma

1678 559 1883 619 saecula
1933 562 2283 621 saeculorum.
2397 562 2614 622 Ohoms
2665 586 2861 643 wspom-

1677 638 1825 709 deat,
1857 638 2070 698 Amen.

1756 714 1964 775 Postea
2015 716 2275 776 demittat
2326 718 2395 777 in
2445 719 2700 792 calicem,
2745 719 2860 779 sinit

1674 793 1826 865 solet,
1844 802 2072 871 partem
2096 796 2307 855 hostiae.

1751 870 1898 930 Non
1911 872 2128 931 dicitwr
2144 874 2270 934 Pax
2289 873 2544 947 Domini,
2559 896 2663 934 nec
2681 876 2857 956 Agnus

1672 948 1803 1022 Dei,
1830 970 1929 1008 nec
1965 951 2102 1009 Pax
2135 953 2299 1011 detur
2315 975 2340 1024 ;
2369 953 2466 1010 sed
2505 955 2704 1011 statim
2741 974 2857 1013 com·

1672 1028 1919 1086 mwnicet
1955 1050 2011 1087 se
2047 1031 2316 1103 sacerdos,
2364 1031 2623 1105 dicendo,
2669 1032 2859 1111 Corpus

1674 1107 1907 1164 Domini
1929 1107 2027 1166 ὥσ.
2110 1107 2219 1166 Ad
2238 1130 2436 1187 corpus
2456 1119 2507 1168 et
2530 1112 2857 1187 sanquinem.

1671 1183 1890 1262 Corpus
1917 1194 1977 1244 et
2003 1188 2231 1263 sanguis
2262 1187 2499 1245 Domini
2526 1190 2710 1247 nostri
2746 1189 2783 1247 J
2784 1208 2856 1247 esu

1669 1262 1754 1323 Ch
1762 1263 1885 1322 risti
1901 1265 2179 1323 custodiat
2195 1286 2295 1324 nos
2312 1267 2375 1324 in
2393 1267 2566 1325 vitam
2586 1277 2856 1326 aeternam.

1674 1342 1888 1412 Amen,
1915 1342 2079 1399 nulla
2096 1344 2439 1421 praecedente
2469 1344 2758 1404 Oratione.

1735 1417 2005 1478 Deinde<l
2021 1430 2151 1498 post
2173 1422 2432 1480 lotionem
2452 1426 2766 1482 manumwl
2787 1423 2860 1481 di-

1670 1505 1801 1555 cant
1838 1498 2114 1576 Vesperas,
2143 1521 2257 1558 non
2288 1502 2572 1559 cantando
2595 1524 2615 1559 .·
2639 1503 2733 1559 sed
2759 1500 2860 1559 bini

1669 1584 1720 1633 et
1738 1576 1861 1633 bini
1866 1577 2150 1654 privatim
2166 1599 2357 1636 coram
2374 1580 2554 1636 altari
2567 1580 2670 1638 hoc
2688 1581 2833 1638 modo
2841 1601 2859 1650 ;

1669 1653 2027 1732 Antiphona,
2043 1655 2310 1715 Calicem.
2339 1658 2630 1730 Psalmus,
2649 1658 2860 1719 Credidi

1669 1742 1905 1810 propter
1920 1734 2090 1811 quod,
2102 1742 2153 1791 et
2168 1743 2373 1793 coeteroe
2383 1734 2733 1813 Antiphonoe
2749 1757 2861 1795 cum

1669 1810 1788 1867 suis
1802 1811 2075 1884 Psalmis,
2092 1812 2239 1870 sicut
2256 1814 2324 1871 in
2341 1813 2435 1871 die
2458 1813 2661 1873 Coenoe.
2703 1814 2859 1873 Anti-

1666 1889 1873 1965 phona,
1922 1896 2277 1951 Goenantibus
2302 1904 2504 1953 autem.
2592 1893 2859 1963 Psalmus,

1668 1967 2026 2045 Magnificat.
2104 1967 2335 2027 Deinde
2369 1970 2603 2028 ‘stando
2624 1978 2647 2004 θ
2663 1971 2861 2028 dicitur

1669 2045 1845 2104 Pater
1897 2055 2089 2106 noster
2137 2068 2265 2105 cum
2317 2048 2554 2106 Psalmo
2601 2050 2857 2109 Miserere

1670 2123 1799 2181 mei.
1904 2123 2027 2195 Quo
2066 2126 2259 2200 finite,
2308 2126 2466 2184 dicat
2507 2127 2754 2184 sacerdos
2804 2127 2859 2185 in

1668 2202 1982 2273 audientia,
2011 2204 2107 2261 sed
2144 2204 2267 2262 sine
2303 2213 2457 2275 nota,
2497 2205 2859 2263 Postcommu-

1666 2280 1892 2337 nionem
1917 2281 2038 2338 sine
2065 2281 2344 2339 Dominus
2371 2283 2651 2341 vobiscum
2680 2292 2729 2341 et
2751 2284 2858 2341 sine

1671 2357 1937 2429 Oremus‚
1964 2358 2063 2417 hoc
2089 2360 2253 2418 modo
2284 2360 2584 2437 incipiens,
2614 2361 2729 2420 Res
2767 2363 2856 2434 ise,

1666 2455 2006 2513 quaesumus,
2037 2439 2300 2509 Domine,
2330 2458 2502 2518 super
2542 2440 2687 2498 hano
2765 2442 2854 2498 mi-

1667 2511 1822 2585 liam,
1840 2515 1960 2572 sine
1980 2516 2096 2584 Qui
2116 2524 2321 2575 tecum.
2405 2518 2490 2575 Et
2513 2518 2597 2576 sic
2622 2518 2801 2578 Missa
2815 2527 2857 2577 et

1676 2591 1749 2649 Ve
1947 2594 2122 2651 simul
2132 2596 2444 2669 finiantur.

1816 2692 1888 2729 on
1915 2671 2132 2729 dicitur
2158 2673 2437 2733 Dominus
2466 2676 2748 2734 vobiscum
2772 2696 2856 2734 nec

1664 2746 2075 2808 Benedicamus
2120 2750 2370 2811 Domino
2413 2774 2513 2811 nec
2554 2754 2668 2828 Ite,
2708 2754 2857 2814 missa

1664 2835 1770 2885 est.

1740 3059 1963 3120 Finitis
2000 3062 2267 3141 Vesperis,
2296 3071 2464 3122 exuat
2488 3066 2740 3125 sacerdos
2770 3086 2851 3124 ca-

1660 3138 1848 3197 sulam
1869 3162 1893 3211 ;
1940 3149 1991 3199 et
2034 3162 2315 3200 assumens
2359 3163 2544 3202 secum
2585 3165 2763 3202 unum
2794 3144 2854 3201 cle

1651 3217 1913 3293 praelatis
1966 3220 2033 3277 in
2096 3221 2525 3297 superpelliciis,
2582 3224 2855 3281 amborum

1651 3294 1891 3371 pedibus
1944 3298 2195 3369 nudatis,
2250 3308 2485 3375 reponat
2535 3322 2750 3359 crucem
2796 3301 2853 3357 in

1658 3373 2009 3449 sepulchrum
2039 3377 2267 3453 pariter
2299 3397 2429 3434 cum
2468 3377 2713 3457 Corpore
2745 3379 2854 3436 Do·

1658 3452 1869 3509 minico
1892 3475 1916 3524 ;
1961 3454 2172 3512 scilicet
2197 3455 2265 3512 in
2289 3455 2498 3532 pioeide
2520 3479 2545 3528 ;
2592 3457 2853 3534 incipiens

1657 3528 1778 3606 ipse
1829 3532 1977 3589 solus
2035 3531 2494 3610 Responsorium‚
2548 3541 2855 3597 AEstimatus

1656 3608 1835 3686 sum‚†
1900 3611 2307 3686 9enuflectendo
2358 3633 2487 3670 cum
2538 3635 2640 3671 suo
2706 3613 2848 3671 socio.

1660 3684 1783 3756 Quo
1816 3687 2052 3766 incepto,
2078 3690 2272 3747 statim
2289 3698 2543 3767 surqant.
2588 3692 2852 3753 Similiter

1655 3840 1680 3870 ⁰
1718 3850 1828 3888 non
1855 3834 2059 3890 habent
2084 3835 2168 3889 92.
2197 3836 2283 3891 94.
2312 3836 2398 3892 98.

1655 3902 1685 3940 ἅ
1720 3920 1832 3958 non
1856 3905 2063 3961 habent
2086 3906 2171 3961 92.
2199 3907 2286 3961 94.
2313 3908 2400 3963 98.

1656 3981 1680 4011 ⁰
1716 3975 2078 4031 statim—26.

1665 4115 1726 4168 V.
1800 4114 2105 4173 Posuerunt
2138 4134 2226 4173 me
2260 4118 2322 4172 in
2357 4118 2480 4174 lacu
2515 4120 2767 4188 inferiori,
2800 4112 2847 4173 in

1653 4187 1946 4314 1333}sz
1958 4193 2015 4243 et
2037 4188 2097 4242 in
2115 4190 2311 4246 umbra
2326 4191 2531 4246 mortis.
2586 4193 2850 4248 Factus-
