2975 5009
105 256 212 322 437
659 268 883 319 ruam
915 269 1214 330 QUARTA
1248 270 1600 333 QUATUOR
1631 269 2055 322 maurorum.
2493 253 2621 319 438

103 428 343 489 Christus
358 424 528 486 misit
555 426 707 505 quod
734 426 1012 505 promisit,

164 509 369 587 pignus
396 523 616 595 sponsae
642 524 814 582 quarn
841 505 1037 566 revisit

234 585 331 644 die
358 583 838 662 qulnquagesima.

106 663 219 723 Post
244 662 538 721 dulcorem
566 661 835 720 melleum

165 750 326 822 petra
350 739 502 799 fudit
528 737 736 810 oleum,

236 832 406 899 petra
422 819 547 897 jam
574 815 917 876 firmissima.

111 898 169 956 In
188 896 411 958 tabellis
439 896 622 954 saxeis

168 997 276 1036 non
303 977 369 1033 in
396 973 606 1054 linguis
631 973 834 1052 igneis,

237 1054 339 1114 lex
366 1054 438 1112 de
465 1061 661 1111 monte
688 1050 912 1131 populo.

110 1133 282 1193 Paucis
308 1131 494 1192 cordis
522 1131 739 1189 novitas

171 1222 225 1273 et
248 1211 575 1289 linguarum
602 1209 792 1267 unitas

239 1291 413 1349 datur
440 1289 501 1345 in
528 1285 827 1345 coenaculo.

112 1368 154 1429 Ο
176 1388 340 1448 quam
368 1365 528 1439 felix,
555 1384 726 1443 quam
754 1364 973 1437 festiva,

171 1448 287 1507 dies
311 1448 376 1504 in
403 1464 517 1523 qua
584 1443 835 1502 rimitiva

241 1524 515 1583 fundatur
655 1520 791 1580 lesia
812 1524 828 1582 1

113 1602 259 1663 Vivae
286 1613 422 1661 sunt
449 1600 725 1679 primitiae

174 1679 449 1741 nascentis
477 1677 745 1738 Ecclesiae

245 1760 363 1819 tria
388 1758 641 1837 primum
667 1753 859 1815 millia.

114 1839 276 1900 Panes
300 1837 442 1916 legis
468 1833 748 1915 primitivi

178 1919 275 1976 sub
301 1936 419 1974 una
443 1923 579 1972 sunt
604 1911 854 2004 adoptivi

248 1996 368 2053 fide
393 1994 509 2052 duo
534 1991 748 2070 popuh.

117 2074 180 2136 Se
199 2074 413 2134 duobus
439 2071 744 2148 interjecit,

178 2153 359 2230 sicque
384 2152 526 2210 duos
553 2167 729 2207 unum
757 2146 892 2207 fecit

250 2230 393 2309 lapis
422 2235 593 2307 caput
617 2225 826 2306 anguli.

120 2309 280 2370 Utres
306 2307 443 2366 novi
482 2325 597 2364 non
623 2304 830 2365 vetusti

181 2397 308 2448 sunt
330 2404 563 2464 capaces
588 2383 719 2441 novi
746 2381 957 2456 musti3

252 2485 383 2526 vasa
407 2469 575 2543 parat
601 2462 801 2533 vidua3

119 2544 407 2624 Iniquorem
435 2543 536 2601 dat
559 2539 861 2611 Helisaeus,

183 2624 338 2684 nobis
361 2640 587 2682 sacrum
613 2639 804 2678 rorem
831 2617 1007 2690 Deus,

255 2703 303 2761 si
327 2700 501 2761 corda
525 2699 639 2757 sint
664 2714 927 2774 congrua.

121 2781 174 2840 N
174 2802 243 2840 on
266 2780 372 2839 hoc
399 2786 588 2836 musto
617 2775 708 2834 vel
732 2775 970 2852 liquore,

184 2880 296 2919 11011
319 2859 428 2917 1106
452 2854 614 2934 digni
638 2873 830 2913 sumus
855 2872 1002 2924 rore,

258 2939 301 2996 si
328 2936 614 2996 discordes
641 2932 910 2991 moribus.

120 3015 189 3076 In
211 3015 454 3076 obscuris
480 3021 542 3072 et
567 3010 758 3069 divisis

184 3116 299 3155 non
322 3099 516 3173 potest
540 3090 665 3149 haec
690 3085 979 3169 paraclisis

259 3174 519 3232 habitare
552 3169 831 3227 cordibus·

119 3251 438 3313 consolator
463 3246 634 3319 alme,
664 3245 813 3317 veni,

184 3330 400 3409 linguas
425 3325 607 3405 reple,
634 3324 805 3382 corda
829 3321 963 3394 leni,

186 3407 329 3466 nihil
353 3405 500 3467 fellis
526 3411 627 3463 aut
651 3402 858 3462 veneni

266 3490 367 3546 sub
392 3495 496 3545 tua
521 3481 846 3562 praesentia.

119 3565 214 3626 Nil
232 3565 564 3658 jocundum,
594 3560 675 3618 nil
699 3578 1004 3629 amoenum,

190 3644 277 3703 ml
300 3643 540 3712 salubre,
568 3638 653 3697 nil
678 3657 960 3708 serenum,

188 3722 338 3782 nihil
361 3720 542 3791 dulce,
570 3715 717 3774 nihil
749 3715 997 3795 plenum,

268 3801 389 3860 sine
413 3810 515 3859 tua
538 3796 740 3875 gratia.

115 3880 200 3939 Tu
221 3881 419 3939 lumen
446 3897 506 3936 es
533 3883 594 3933 et
621 3878 993 3954 unguentum,

187 3966 257 4018 tu
283 3959 505 4017 coeleste
529 3953 975 4021 condimentum,

189 4056 360 4116 aquae
383 4049 412 4078 ⁸
429 4035 620 4094 ditans
640 4040 669 4069 ⁸
695 4030 1043 4090 elementum

269 4114 484 4175 virtute
511 4108 788 4188 mysterii.

115 4493 149 4527 ¹*
183 4488 703 4624 puritatis-(3233.

1406 427 1573 487 Nova
1595 427 1728 488 facti
1756 434 2032 498 creatura,

1483 516 1544 566 te
1570 506 1861 565 laudamus
1888 512 2083 563 mente
2110 523 2292 583 pura;

1480 587 1685 665 gratiae
1711 604 1880 654 nunc,
1909 584 2011 643 sed
2037 592 2241 642 natura

1562 664 1718 742 prius
1744 664 1847 721 irae
1877 661 2002 719 filii.

1403 741 1493 800 'l'u
1519 742 1616 820 qui
1643 744 1809 800 dator
1829 761 1889 801 es
1914 748 1974 799 et
2000 740 2234 811 donum,

1481 820 1662 878 nostri
1689 821 1870 879 cordis
1896 837 2063 877 omne
2088 819 2317 890 bonum,

1484 918 1583 956 cor
1609 899 1683 957 ad
1708 898 1931 957 laudem
1960 896 2137 955 redde
2164 914 2430 975 pronum,

1483 984 1697 1036 nostrae
1723 977 1933 1056 linguae
1957 973 2207 1034 formans
2231 992 2433 1035 sonum

1562 1056 1623 1113 in
1650 1065 1750 1115 tua
1774 1052 2073 1134 praeconia.

1403 1132 1495 1191 'Pu
1521 1154 1703 1213 purga
1728 1153 1830 1191 nos
1859 1153 1895 1191 a
1916 1130 2176 1212 peccatis,

1408 1266 1417 1275 .
1484 1220 1681 1275 auctor
1706 1213 1827 1290 ipse
1853 1211 1893 1247 ἦ
1913 1208 2203 1290 pietati8,*

1485 1298 1548 1350 et
1573 1291 1632 1348 in
1659 1290 1892 1351 Christo
1915 1287 2200 1349 renovatis

1484 1369 1562 1428 da
1627 1367 1853 1429 erfectae
1880 1367 2149 1427 novitatis

1564 1470 1603 1527 p
1628 1468 1736 1507 ena
1760 1446 1922 1506 nobis
1947 1445 2169 1524 gaudia..

1458 1526 1592 1584 Eva
1667 1525 1842 1583 elium
1859 1547 1877 1583 .·
1896 1523 2216 1584 Secwndum
2240 1519 2297 1578 J
2289 1518 2612 1577 ohannemb

1490 1604 1568 1662 In
1592 1547 1703 1662 ffio
1728 1612 2006 1682 tempore,
2035 1599 2201 1658 Dixit
2237 1597 2280 1655 J
2282 1616 2407 1656 esus
2446 1596 2612 1654 disci-

1449 1682 1557 1741 ulis
1610 1681 1725 1741 suis
1779 1691 1805 1721 ⁰
1831 1689 1891 1740 et
1941 1679 2127 1738 turbis
2179 1676 2222 1736 J
2223 1676 2515 1734 udaeorum
2542 1695 2560 1745 3
2590 1679 2612 1706 ⁶

1476 1781 1607 1821 emo
1631 1767 1818 1840 potest
1844 1759 2037 1818 venire
2062 1755 2136 1814 ad
2162 1774 2274 1826 me,
2302 1752 2412 1812 nisi
2437 1752 2615 1812 Pater

1409 1840 1510 1918 qui
1548 1839 1705 1899 misit
1743 1858 1855 1910 me,
1902 1835 2149 1896 traxerit
2194 1853 2325 1893 eum
2348 1853 2363 1891 :
2407 1837 2467 1889 et
2510 1850 2541 1888 e
2582 1848 2616 1887 o

1410 1918 1755 1978 resuscitabo
1776 1936 1904 1976 eum
1925 1914 1985 1972 in
2005 1911 2306 1971 novissimo
2325 1908 2436 1968 die.
2507 1850 2618 1967 Eget

1410 1998 1685 2074 scriptum
1703 1996 1763 2053 in
1780 1991 2110 2072 Prophetis:
2137 1988 2218 2049 Et
2234 1995 2404 2048 erunt
2420 2004 2617 2045 omnes

1411 2074 1678 2134 docibiles
1717 2070 1847 2132 Dei.
1948 2069 2149 2130 Omnis
2226 2067 2287 2127 ui
2325 2063 2542 2124 audivit
2583 2082 2621 2121 a

1414 2153 1591 2213 Patre
1618 2160 1678 2212 et
1712 2151 1929 2222 didicit,
1958 2148 2115 2208 venit
2153 2167 2188 2204 a
2269 2164 2380 2204 me.
2476 2141 2617 2201 Non

1414 2232 1548 2311 quia
1589 2231 1823 2290 Patrem
1870 2228 2017 2287 vidit
2057 2225 2370 2304 quisquam,
2411 2219 2522 2280 nisi
2568 2221 2618 2280 is

1415 2311 1516 2388 qui
1570 2316 1658 2369 est
1709 2330 1745 2368 a
1796 2309 1942 2380 Deo,
1994 2306 2089 2364 hic
2141 2304 2297 2363 videt
2362 2300 2618 2360 Patrem.

1417 2389 1638 2461 Amen,
1664 2407 1852 2459 amen,
1878 2387 2004 2445 dico
2044 2383 2235 2443 vobis:
2282 2379 2399 2449 Qui
2438 2377 2624 2437 credit

1416 2468 1479 2526 in
1519 2487 1632 2539 me,
1673 2466 1847 2525 habet
1888 2466 2061 2523 vitam
2101 2470 2399 2522 aeternam.
2497 2455 2623 2534 Ego

1415 2566 1540 2605 sum
1564 2545 1725 2624 panis
1746 2545 1899 2602 vitae.
1965 2541 2168 2601 Patres
2188 2537 2363 2597 vestri
2385 2535 2622 2592 mandu-

1418 2631 1694 2699 caverunt
1719 2641 1929 2680 manna
1954 2619 2014 2677 in
2041 2619 2287 2688 deserte,
2315 2622 2375 2674 et
2411 2612 2623 2671 mortui

1416 2710 1568 2762 sunt.
1652 2700 1768 2759 Hic
1794 2706 1880 2758 est
1905 2695 2066 2776 panis
2104 2696 2177 2755 de
2218 2691 2357 2752 coelo
2395 2692 2625 2749 descen-

1418 2781 1584 2840 dens:
1625 2785 1691 2835 ut
1717 2777 1763 2835 si
1785 2776 1909 2854 quis
1936 2795 2011 2834 ex
2030 2773 2151 2853 ipso
2178 2768 2624 2840 manducaverit,

1419 2879 1538 2918 non
1577 2856 1870 2915 moriatur.
1951 2852 2003 2911 E
2045 2872 2077 2910 o
2112 2869 2237 2909 sum
2278 2846 2441 2925 panis
2467 2844 2626 2903 vivus

1418 2937 1520 3018 qui
1544 2936 1617 2995 de
1636 2933 1777 2993 coelo
1795 2933 1999 2993 descen
2044 2931 2080 2989 ⁶.
2160 2927 2221 2987 Si
2242 2926 2365 3004 quis
2385 2924 2625 2981 mandu-

1420 3013 1634 3079 caverit
1654 3033 1729 3073 ex
1748 3011 1853 3070 hoc
1874 3029 2038 3090 pane,
2060 3007 2213 3066 vivet
2231 3004 2291 3062 in
2314 3004 2628 3061 eeternu'm:

1422 3105 1482 3156 et
1510 3092 1670 3172 panis
1708 3110 1879 3170 quem
1908 3108 2012 3167 ego
2036 3087 2201 3157 dabo,
2227 3101 2357 3141 caro
2383 3099 2513 3140 mea
2539 3087 2627 3139 est

1420 3193 1529 3254 pro
1554 3170 1757 3229 mundi
1781 3169 1917 3228 vita.

1503 3250 1710 3311 Credo.

1506 3322 1922 3405 offertorium.‘¹

1495 3403 1801 3460 Meditabor
1819 3402 1879 3455 in
1902 3396 2175 3453 mandatis
2192 3392 2304 3449 tuis
2321 3406 2445 3462 quae
2463 3388 2633 3445 dilexi

1424 3477 1581 3532 valde
1602 3496 1614 3530 z
1640 3481 1696 3530 et
1708 3473 1897 3529 levabo
1912 3486 2107 3524 manus
2123 3481 2269 3523 meas
2285 3465 2356 3521 ad
2374 3459 2633 3517 mandata

1425 3554 1526 3605 tua
1545 3563 1671 3617 quae
1694 3544 1876 3615 dilexi,
1902 3540 2154 3612 alleluya.

1512 3618 1750 3677 Secreta.

1527 3695 1733 3757 Oblata
1789 3693 1917 3764 tibi,
1971 3688 2240 3761 Domine,
2291 3700 2633 3764 quaesumus,

1429 3795 1669 3835 munera
1720 3772 1968 3852 Spiritus
2016 3770 2256 3831 Sanctus
2302 3760 2636 3839 sanctificet,

1430 3863 1493 3919 et
1532 3873 1729 3914 eorum
1755 3870 1858 3909 nos
1894 3847 2250 3929 participatio
2284 3845 2355 3902 ab
2382 3840 2633 3902 omnium

1433 3941 1794 4013 peccatorum
1815 3927 2149 4005 contagione
2171 3922 2465 3997 custodiat.
2519 3917 2637 3980 Per

1435 4013 1697 4072 eundem.
1784 4008 1859 4066 In
1885 4007 2117 4065 unitate
2144 4001 2416 4082 ejusdem.

1442 4257 1467 4286 e
1502 4262 1614 4299 11011
1637 4241 1842 4297 habent
1864 4234 1951 4288 92.
1978 4232 2063 4288 97.
2091 4230 2178 4284 98.

1439 4317 1469 4355 ἅ
1508 4317 1594 4371 Ps.
1620 4309 1797 4370 cxviii.
1826 4304 1986 4378 (cxix.
2012 4302 2100 4372 47,
2127 4298 2239 4369 48.)
