2975 5009
123 214 227 277 369
462 230 687 279 rnmA
722 230 830 278 ιιι.

180 383 470 462 Sequentia
489 388 676 446 sancti
701 385 1015 465 Evanqelii
1028 409 1047 445 .·
1086 385 1292 447 Secun-

122 462 234 521 dwm
266 462 537 523 Lucam.⁸

184 542 248 599 In
296 542 397 601 illo
449 553 724 623 tempore,
780 542 958 605 Stetit
1009 543 1178 602 Jesus
1232 541 1293 599 in

123 621 280 679 medio
313 621 719 701 discipulorum
758 642 1006 695 suorum,
1043 630 1104 681 et
1142 621 1295 680 dixit

124 699 223 771 eis3
284 700 410 759 Pax
465 702 624 760 vobis
652 723 667 762 ε
738 722 842 782 ego
892 721 1015 760 sum
1046 721 1063 773 ;
1118 699 1295 759 nolite

122 776 311 837 timere.
379 778 720 839 conturbati
748 800 881 840 vero
899 788 961 839 et
979 778 1295 848 conterriti,

122 855 493 917 existimabant
532 878 593 917 se
632 860 897 938 spiritum
923 857 1136 916 videre.
1216 856 1298 915 Et

121 932 249 992 dixit
269 936 383 1008 eis3
436 936 593 1004 Quid
632 938 850 997 turbati
876 937 1030 1008 estis,
1059 944 1118 994 et
1144 935 1295 1014 cogi-

120 1012 331 1073 tationes
374 1015 687 1075 ascendunt
738 1017 800 1074 in
845 1016 1017 1075 corda
1064 1015 1295 1074 vestra't³

124 1089 282 1150 videte
322 1113 522 1152 manus
569 1114 724 1154 meas
776 1103 836 1154 et
887 1094 1062 1173 pedes
1113 1109 1294 1164 meost,

120 1169 232 1244 quia
253 1191 351 1248 ego
375 1173 498 1252 ipse
523 1193 649 1232 sum
674 1195 689 1233 ε
730 1175 957 1252 palpate
984 1179 1045 1231 et
1069 1171 1294 1230 videte:

121 1247 231 1323 quia
245 1250 471 1327 spiritus
489 1271 720 1311 carnem
742 1260 802 1310 et
822 1271 944 1310 ossa
962 1270 1075 1309 non
1105 1249 1296 1321 habet,

119 1326 242 1384 sicut
263 1348 352 1387 me
380 1329 585 1389 videtis
610 1330 837 1389 habere.
921 1331 1002 1389 Et
1027 1348 1154 1387 cum
1189 1326 1299 1386 hoc

119 1402 344 1477 dixisset,
369 1409 623 1467 ostendit
662 1409 744 1468 eis
780 1428 977 1467 manus
1006 1414 1066 1466 et
1101 1407 1294 1486 pedes.

119 1481 299 1542 Adhuc
334 1496 526 1545 autem
568 1487 680 1546 illis
706 1507 821 1544 non
846 1486 1209 1546 credentibus
1236 1492 1297 1544 et

119 1560 423 1621 mirantibus
449 1585 572 1643 prae
595 1565 820 1645 gaudio,
840 1566 1015 1637 dixit;
1053 1563 1298 1623 Habetis

118 1635 198 1695 hic
218 1639 416 1718 aliquid
443 1646 595 1721 quod
615 1643 1029 1703 manducetur?
1099 1643 1188 1700 At
1213 1641 1298 1699 illi

117 1718 418 1779 obtulerunt
471 1721 525 1781 ei
579 1731 803 1802 partem
856 1722 1024 1801 piscis
1074 1721 1184 1779 assi
1236 1727 1297 1779 et

116 1791 282 1855 favum
326 1800 527 1859 mellis.
610 1801 690 1860 Et
731 1821 860 1859 cum
908 1799 1297 1859 manducasset

116 1891 282 1933 coram
320 1878 419 1949 eis,
447 1899 678 1939 sumens
703 1878 968 1957 reliquias
1006 1878 1168 1936 dedit
1193 1878 1294 1937 eis.

116 1949 185 2010 Et
203 1954 345 2014 dixit
361 1958 436 2015 ad
462 1978 584 2032 eos3
623 1958 771 2017 Haec
795 1966 929 2017 sunt
954 1958 1144 2029 verba,
1166 1975 1294 2033 quse

117 2026 306 2091 locutus
331 2054 455 2093 sum
483 2037 557 2095 ad
595 2057 712 2107 vos,
737 2057 866 2094 cum
905 2034 1090 2095 adhuc
1115 2054 1295 2094 essem

115 2110 394 2183 vobiscum,
412 2115 679 2191 quoniam
707 2135 932 2174 necesse
953 2122 1041 2174 est
1067 2112 1293 2192 impleri

116 2190 285 2248 omnia
308 2211 435 2268 quae
460 2194 674 2272 scripta
698 2202 834 2252 sunt
858 2194 920 2251 in
947 2191 1074 2272 lege
1100 2191 1296 2268 Moysi

115 2275 166 2324 ot
186 2270 470 2348 prophetis
497 2279 558 2331 et
583 2271 812 2350 psalmis
839 2272 912 2331 de
939 2291 1052 2330 me.
1134 2271 1294 2329 Tunc

113 2348 315 2423 aperuit
359 2349 472 2409 illis
518 2371 742 2409 sensum
788 2359 853 2409 ut
905 2349 1297 2429 intelligerent

114 2423 428 2504 Scripturas.
510 2428 592 2488 Et
640 2429 791 2488 dixit
831 2429 946 2501 eis;
1006 2429 1294 2496 Quoniam

111 2502 182 2560 sic
201 2505 464 2584 scriptum
491 2515 596 2579 est,
624 2516 684 2567 et
719 2508 799 2567 sic
837 2510 1136 2587 oportebat
1174 2507 1296 2586 pati

111 2579 400 2658 Christum,
428 2592 490 2645 et
526 2605 822 2665 resurgere
853 2606 890 2645 a
927 2585 1163 2645 mortuis
1201 2586 1295 2645 die

109 2661 296 2720 tertia:
359 2672 420 2723 et
459 2665 754 2743 praedicari
793 2665 854 2722 in
894 2664 1125 2724 nomine
1171 2662 1295 2741 ejus

110 2742 486 2813 poenitentiam
541 2750 602 2802 et
651 2744 1041 2804 remissionem
1099 2763 1294 2822 pecca·

109 2824 280 2876 torum
305 2820 368 2876 in
394 2841 592 2881 omnes
617 2830 836 2902 gentes.

179 2895 373 2956 Credo.

182 2974 588 3050 offertorium.b

171 3048 416 3109 Intonuit
449 3055 516 3109 de
538 3054 672 3109 coelo
708 3055 1002 3110 Dominus:
1041 3060 1097 3110 et
1125 3055 1296 3109 Altis·

104 3117 260 3177 simns
274 3125 428 3179 dedit
443 3143 622 3180 vocem
641 3143 796 3180 suam
822 3146 835 3180 ε
860 3133 918 3182 et
932 3130 1300 3199 apparuerunt

103 3188 265 3247 fontes
286 3213 568 3267 aquarum,
593 3196 845 3268 alleluya.

180 3263 413 3326 Secreta.

182 3340 422 3424 Suscipe,
467 3345 732 3419 Domine,
779 3365 975 3425 preces
1028 3345 1296 3407 Ecclesiae

103 3424 234 3492 tuse,
268 3424 679 3502 redemptionis
720 3445 836 3484 suse
879 3425 1065 3504 gratia
1105 3424 1295 3485 exsul-

102 3500 309 3563 tantis:‚
331 3511 398 3562 ut
437 3503 804 3582 praesentium
832 3524 1133 3563 munerum
1160 3503 1294 3576 fide,

101 3581 160 3631 et
189 3582 295 3638 tuae
330 3581 762 3642 resurrectionis
803 3582 1134 3642 credulitate
1170 3602 1296 3661 pas-

100 3661 271 3715 catur.
351 3660 465 3728 Qui
490 3659 652 3719 viviS.

183 3731 558 3796 commanentiae

166 3809 227 3863 Si
237 3814 640 3869 consurrexistis
655 3831 779 3869 cum
795 3813 1021 3884 Christo,
1080 3830 1166 3870 uoe
1183 3831 1297 3868 sur·

97 3898 163 3934 sn
244 3892 371 3939 sunt
391 3885 635 3955 quaerite,
652 3885 889 3957 alleluya
910 3905 922 3939 :
943 3886 1039 3941 ubi
1097 3886 1301 3939 hristus

91 3958 180 4006 est
230 3971 267 4006 n
298 3956 519 4010 dextera
553 3956 654 4010 Dei
689 3957 877 4011 sedens
903 3976 914 4009 :
940 3973 1063 4027 quse
1087 3973 1298 4011 sursum

91 4040 209 4076 sun
252 4027 431 4098 sapite,
458 4026 711 4099 alleluya.

88 4230 121 4331 i·
156 4225 873 4369 ᾒῗὲνζκῗῑῑῗὶῖῗῖῗῇ)

83 4374 111 4402 ⁶
151 4363 349 4420 Coloss.
374 4385 488 4440 cap.
517 4367 593 4422 iii.
622 4368 693 4439 (v.
724 4368 772 4437 1,
798 4368 875 4440 2.)

83 4435 115 4473 ‘¹
159 4433 323 4491 Matt.
348 4454 460 4510 cap.
488 4455 612 4574 132.
640 4438 713 4509 (v.
740 4437 852 4508 34.)

1096 228 1267 278 Posm
1315 226 1619 276 PAscHA.

1883 229 2107 279 FERIA
2140 233 2238 280 ιν.
2488 214 2616 282 370

1474 384 1951 444 PostcommuniO.

1464 463 1837 523 Sanctificent
1854 483 1973 536 nos,
1997 466 2256 538 Domine,
2268 485 2608 544 quaesumus,

1395 551 1626 619 sumpta
1661 542 1952 617 mysteria,
1993 552 2054 603 et
2095 544 2381 604 Paschalis
2422 548 2609 604 obser·

1396 621 1607 678 vantise
1678 620 2058 680 sufficientem
2125 624 2287 683 nobis
2351 625 2610 683 tribuant

1394 696 1743 757 facultatem.
1824 697 1957 758 Per.

1499 802 1714 876 Feria
1746 817 2006 900 quarta
2025 818 2189 901 post
2219 808 2524 881 Pascha.

1474 901 1585 958 Ad
1608 902 1872 961 Missam.
1957 903 2272 980 Officium.<1

1477 978 1713 1052 Venite,
1741 981 2025 1040 benedicti
2070 983 2258 1043 Patris
2293 984 2429 1057 mei,
2470 1006 2600 1064 per·

1395 1056 1569 1136 cipite
1614 1079 1875 1137 regnum,
1918 1059 2194 1138 alleluya:
2251 1064 2399 1141 quod
2442 1065 2599 1123 vobis

1434 1146 1657 1194 aratum
1698 1146 1786 1197 est
1823 1140 1894 1196 ab
1936 1139 2155 1219 origine
2191 1143 2409 1215 mundi,
2462 1142 2596 1202 alle-

1392 1156 1545 1292 fuya,
1571 1213 1829 1292 alleluya,
1856 1216 2114 1296 alleluya.

1471 1293 1789 1351 Psalmus.0

1484 1368 1716 1424 Cantate
1762 1371 1995 1426 Domino
2040 1373 2311 1429 canticum
2362 1391 2597 1431 novum:

1393 1439 1525 1511 quia
1547 1441 1816 1496 mirabilia
1837 1442 1979 1497 fecit.

1477 1510 1700 1570 Oratio.

1472 1588 1648 1661 Deus,
1675 1588 1772 1667 qui
1813 1608 1915 1647 nos
1946 1593 2371 1652 resurrectionis
2399 1595 2594 1653 Domi·

1394 1667 1538 1726 nicae
1557 1688 1746 1725 annua
1764 1666 2121 1729 solemnitate
2148 1670 2438 1732 laetificas:
2466 1693 2598 1732 con-

1393 1746 1529 1804 cede
1555 1745 1851 1824 propitius,
1878 1754 1942 1805 ut
1968 1767 2073 1826 per
2099 1749 2436 1828 temporalia
2454 1751 2600 1810 festa

1393 1844 1522 1902 quae
1587 1825 1826 1901 agimus,
1893 1828 2192 1904 pervenire
2253 1829 2327 1887 ad
2391 1831 2597 1909 gaudia

1395 1910 1613 1961 aeterna
1648 1923 1987 1961 mereamur.
2070 1906 2201 1965 Per.

1472 1980 1667 2038 Lectio
1693 1980 1943 2039 Actuwm
1969 1981 2415 2060 Apostolomwn.¹

1475 2057 1553 2115 In
1592 2059 1791 2117 diebus
1832 2059 1959 2131 illis,
1994 2061 2047 2119 A
2091 2062 2274 2122 eriens
2298 2063 2504 2124 Petrus
2537 2084 2599 2124 os

1395 2155 1580 2209 suum,
1625 2137 1812 2209 dixit;
1871 2137 2003 2197 Viri
2051 2082 2334 2200 {israelitae
2387 2150 2448 2201 et
2499 2145 2600 2222 qui

1393 2214 1614 2274 timetis
1654 2216 1862 2290 Deum,
1904 2218 2115 2279 audite.
2206 2220 2364 2279 Deus
2405 2222 2598 2281 Abra-

1395 2292 1531 2350 ham
1579 2301 1638 2352 et
1685 2293 1842 2353 Deus
1891 2296 2051 2357 Isaac
2090 2306 2150 2358 et
2194 2297 2352 2358 Deus
2397 2299 2599 2372 Jacob,

1398 2372 1554 2430 Deus
1606 2379 1836 2450 patrum
1893 2384 2213 2435 nostrorum
2264 2377 2604 2459 glorificavit

1396 2449 1611 2509 Filium
1633 2471 1795 2508 suum
1815 2451 1858 2510 J
1860 2472 2037 2524 esum,
2059 2474 2226 2533 quem
2249 2476 2345 2515 vos
2366 2458 2595 2536 quidem

1392 2529 1709 2587 tradidistis
1772 2536 1832 2587 et
1898 2533 2143 2622 negastis
2196 2542 2331 2593 ante
2398 2535 2600 2595 faciem

1395 2604 1588 2678 Pilati,
1632 2606 1924 2684 judicante
1978 2608 2075 2666 1110
2127 2611 2363 2671 dimitti.
2478 2614 2602 2672 Vos

1392 2693 1585 2742 autem
1637 2692 1892 2742 sanctum
1956 2694 2017 2745 et
2060 2690 2278 2766 justum
2335 2710 2405 2748 ne
2511 2692 2600 2764 tis,

1396 2770 1455 2821 et
1507 2762 1730 2852 petistis
1783 2762 1966 2819 virum
2018 2763 2355 2824 homicidam
2443 2770 2602 2827 onari

1395 2841 1551 2898 vobls
1572 2862 1587 2899 ι
1614 2846 1903 2898 auctorem
1924 2860 2055 2899 vero
2071 2844 2206 2902 vitoe
2220 2843 2602 2905 interfecistis.

1399 2919 1588 2986 Quem
1616 2918 1771 2976 Deus
1787 2917 2077 2979 suscitavit
2103 2941 2139 2979 a
2158 2923 2416 2995 mortuis,
2445 2925 2602 3003 cujus

1394 3015 1500 3056 nos
1538 3004 1712 3055 testes
1747 3016 1955 3054 sumus.
2062 2998 2141 3058 Et
2178 3019 2346 3071 nunc,
2374 3001 2600 3075 fratres,

1395 3075 1507 3133 scio
1532 3076 1664 3167 quia
1689 3094 1793 3153 per
1815 3075 2190 3153 ignorantiam
2211 3076 2437 3150 fecistis,
2460 3081 2604 3139 sicut

1396 3162 1455 3213 et
1481 3153 1765 3245 principes
1801 3153 1993 3212 vestri.
2067 3154 2224 3215 Deus
2265 3165 2476 3230 autem,
2505 3159 2604 3236 qui

1395 3231 1806 3311 praenunciavit
1882 3251 1947 3290 er
1987 3251 2046 3292 os
2073 3233 2327 3292 omnium
2355 3236 2603 3370 prophe-

1395 3320 1586 3369 tarum
1663 3310 1742 3369 ati
1786 3309 1834 3369 C
1874 3310 2077 3369 ristum
2114 3332 2295 3386 suum,
2343 3314 2464 3392 imp
2489 3315 2604 3374 evit

1394 3389 1492 3449 sic.
1601 3331 1970 3448 limnitemini
2021 3390 2199 3470 igitur
2254 3402 2313 3450 et
2371 3412 2608 3451 conver—

1396 3466 1604 3538 timini,
1626 3475 1692 3525 ut
1716 3466 2013 3526 deleantur
2039 3477 2265 3548 peccata
2291 3480 2495 3530 vestra.

1484 3545 1793 3604 aradam

1469 3622 1605 3678 Haec
1629 3623 1743 3677 dies
1759 3640 1924 3693 quam
1947 3622 2076 3679 fecit
2099 3624 2363 3680 Dominus
2390 3646 2401 3679 :
2428 3627 2601 3680 exsul·

1397 3698 1574 3748 temus
1596 3699 1651 3748 et
1673 3694 1924 3749 laetemur
1945 3695 2004 3748 in
2030 3712 2107 3751 ea.

1408 3763 1469 3818 V.
1591 3765 1827 3820 Dextera
1871 3764 2091 3820 Domini
2137 3765 2265 3821 fecit
2304 3765 2562 3821 virtutem
2590 3787 2601 3820 z

1396 3834 1619 3890 dextera
1644 3835 1864 3889 Domini
1888 3836 2149 3891 exaltavit
2173 3855 2274 3892 me.

1467 3906 1741 3978 Alleluya.
1812 3906 1871 3962 V.
1944 3907 2190 3963 Surrexit
2236 3907 2502 3962 Dominus
2548 3914 2604 3963 et

1395 3992 1675 4031 occurrens
1709 3976 2040 4048 mulieribus,
2078 3979 2191 4045 ait;
2230 3980 2405 4034 Avete
2430 3998 2443 4034 ε
2469 3984 2603 4035 tunc

1394 4052 1729 4102 accesserunt
1750 4053 1806 4103 et
1830 4054 2123 4104 tenuerunt
2144 4050 2304 4122 pedes
2324 4049 2457 4121 ejus.

1396 4234 1421 4263 e
1458 4225 1546 4280 Ps.
1573 4225 1729 4281 xcvii.
1759 4226 1955 4298 (xcviii.
1988 4227 2060 4298 l.)

1397 4295 1419 4332 f
1455 4313 1570 4367 cap.
1596 4296 1673 4350 iii.
1701 4295 1758 4350 O.
1788 4297 1858 4364 (v.
1888 4297 1971 4366 12,
2001 4297 2192 4367 13-15,
2221 4298 2438 4370 17-19.)

1396 4374 1425 4411 8
1460 4365 1548 4420 Ps.
1587 4365 1743 4422 cxvii.
1772 4365 1972 4437 (cxviii.
2000 4367 2086 4437 24,
2118 4368 2226 4439 16.)
2253 4368 2386 4423 Mat.
2414 4368 2598 4427 xxviii.

1398 4435 1470 4506 (v.
1499 4435 1575 4508 9.)
