2975 5009
298 307 426 372 655

291 475 613 552 extrahere,
670 499 772 538 nec
830 477 1042 555 aliquid
1104 487 1340 556 propter
1393 477 1499 534 hoc

299 560 572 617 reiterare
594 558 684 618 vel
713 559 1020 616 immutare
1041 556 1190 615 circa
1214 556 1509 613 celebrati«

302 657 468 695 onem
527 636 885 708 sacramenti,
943 636 1041 694 sed
1108 635 1381 713 procedat
1445 634 1507 690 in

301 716 477 794 signis
505 725 564 774 et
594 717 653 772 in
695 715 818 773 aliis
850 734 914 773 ac
941 715 987 773 si
1030 713 1267 773 haberet
1292 729 1416 771 eam
1447 709 1507 768 in

303 795 580 852 manibus.

381 874 444 933 Si
478 872 817 932 eucharistia
858 873 929 928 ad
970 880 1184 929 terram
1221 868 1504 938 ceciderit,

301 950 454 1009 locus
479 951 578 1008 ubi
604 951 786 1029 jacuit
813 952 1048 1007 radatur
1074 958 1130 1007 et
1160 948 1509 1005 incineretur

299 1049 405 1107 per
447 1029 656 1108 ignem,
702 1038 763 1088 et
805 1029 945 1086 cinis
979 1027 1149 1106 juxta
1189 1025 1368 1083 altare
1415 1043 1505 1083 re-

300 1108 593 1166 condatur.

382 1187 557 1257 Item,
599 1188 646 1244 si
698 1203 804 1264 per
843 1180 1249 1260 negligentiam
1293 1179 1505 1259 aliquid

301 1264 376 1322 de
402 1266 674 1342 sanguine
708 1261 1004 1320 stillaverit
1045 1280 1215 1337 super
1254 1262 1505 1317 tabulam

301 1362 430 1421 quae
469 1354 641 1401 terrae
682 1341 957 1409 adhaeret,
998 1339 1150 1396 stilla
1187 1359 1289 1416 per
1322 1355 1504 1395 sacer·-

299 1425 493 1479 dotem
531 1439 658 1478 cum
701 1420 894 1498 lingua
933 1417 1215 1474 lambatur
1255 1423 1316 1474 et
1354 1416 1507 1473 locus

299 1498 507 1558 tabulae
547 1501 817 1569 radatur3
873 1505 933 1554 et
973 1513 1168 1553 rasura
1205 1495 1322 1572 igni
1352 1514 1503 1551 com-

302 1580 557 1648 buratur,
612 1587 672 1636 et
723 1577 863 1634 cinis
922 1576 1095 1652 juxta
1145 1573 1323 1631 altare
1376 1591 1505 1652 cum

302 1656 555 1732 reliquiis
593 1656 974 1724 recondatur}
1028 1662 1089 1710 et
1128 1652 1505 1728 quadraginta

300 1734 499 1792 diebus
525 1735 800 1812 poeniteat
825 1724 913 1789 cui
942 1732 1046 1788 hoc
1073 1730 1289 1788 accidit.

381 1814 444 1872 Si
464 1832 597 1870 vero
619 1831 787 1889 super
808 1810 984 1867 altare
1003 1808 1302 1867 stillaverit
1320 1806 1466 1864 calix
1487 1828 1505 1878 3

301 1894 597 1949 sorbeatur
616 1889 786 1962 stilla,
810 1897 868 1947 et
894 1888 1076 1946 tribus
1097 1888 1294 1946 diebus
1322 1885 1505 1963 poeni-

304 1980 442 2028 teat.

383 2049 444 2106 Si
480 2065 613 2104 vero
649 2065 819 2123 super
855 2043 1097 2102 linteum
1140 2052 1200 2101 et
1240 2039 1313 2099 ad
1351 2040 1504 2098 aliud

304 2126 455 2185 stilla
480 2145 691 2203 perven
699 2125 823 2196 erit,
846 2133 1089 2201 quatuor
1107 2123 1306 2180 diebus
1325 2121 1505 2197 poeni-

302 2214 442 2263 teat.
524 2203 584 2262 Si
638 2223 813 2280 usque
865 2202 938 2258 ad
992 2201 1249 2271 tertium,
1302 2215 1506 2256 novem

303 2285 502 2341 diebus
538 2282 830 2360 poeniteat«
915 2280 975 2338 Si
1015 2297 1188 2353 usque
1224 2278 1298 2334 ad
1338 2295 1508 2351 quar-

303 2370 427 2418 tum
450 2360 598 2418 stilla
623 2359 911 2436 sanguinis
939 2355 1281 2433 pervenerit,
1302 2354 1506 2431 viginti

302 2441 500 2498 diebus
543 2438 847 2516 poeniteat:
903 2445 962 2493 et
1005 2433 1338 2490 linteamina
1377 2451 1506 2510 quse

303 2518 453 2576 stilla
516 2516 774 2592 tetigerit
837 2514 1022 2573 tribus
1077 2511 1291 2570 vicibus
1355 2509 1508 2569 lavet

306 2597 561 2655 sacerdos
587 2593 677 2653 vel
702 2591 985 2662 diaconum
1006 2589 1173 2648 calice
1201 2589 1509 2667 suppositO,

308 2686 367 2733 et
392 2674 606 2732 ablutio
633 2691 759 2731 cum
788 2670 1040 2748 reliquiis
1070 2670 1428 2727 recondatur,

410 2754 585 2824 Item,
640 2753 686 2810 si
740 2751 864 2828 quis
915 2749 1104 2825 aliquo
1166 2767 1293 2805 casu
1358 2744 1508 2824 gulae

308 2831 701 2891 eucharistiam
735 2829 1087 2898 evomuerit3
1129 2826 1374 2884 vomitus
1411 2824 1507 2882 ille

307 2913 477 2970 debet
540 2908 862 2979 incinerari,
934 2915 995 2964 et
1059 2906 1274 2963 cineres
1337 2903 1511 2981 juxta

309 2989 487 3048 altare
525 2990 737 3048 debent
775 2985 1023 3045 recondi.
1132 2984 1210 3042 Et
1249 2982 1293 3041 si
1334 2981 1509 3039 fuerit

308 3068 556 3138 clericus),
585 3065 908 3136 monachus,
950 3064 1264 3140 presbyter,
1291 3058 1382 3117 vel
1420 3060 1507 3116 di-

309 3167 530 3216 aconus,
560 3145 934 3223 quadraginta
957 3143 1154 3201 diebus
1193 3139 1503 3219 poeniteat:

312 3227 604 3304 episcopus
633 3225 1014 3302 septuaginta3
1055 3221 1224 3278 laicus
1248 3218 1504 3305 triginta.

394 3305 455 3363 Si
498 3322 633 3362 vero
675 3324 748 3361 ex
792 3302 1130 3358 infirmitate
1176 3303 1508 3366 evomuerit,

314 3385 562 3460 quinque
589 3381 785 3440 diebus
812 3379 1105 3458 poeniteat.

394 3461 506 3528 Qui
533 3478 666 3517 vero
706 3478 820 3516 non
862 3459 1005 3514 bene
1044 3453 1287 3512 custodit
1326 3471 1507 3509 sacra·

314 3550 590 3607 mentum,
607 3538 689 3595 ita
707 3536 854 3613 quod
875 3551 1005 3591 mus
1023 3531 1112 3590 vel
1132 3530 1281 3587 aliud
1301 3529 1511 3587 animal

313 3617 652 3687 comederit3
696 3612 1064 3692 quadraginta
1094 3609 1289 3666 diebus
1329 3610 1510 3686 poeni-

314 3704 451 3753 teat.

398 3773 513 3842 Qui
534 3779 724 3829 autem
753 3765 1063 3847 perdiderit
1085 3764 1240 3840 illud,
1264 3763 1351 3824 vel
1379 3785 1509 3844 pars

320 3941 344 3968 a
384 3926 783 3984 tendens-13.
811 3925 898 3978 26.

1240 317 1596 369 CAU'PELAE
1628 321 1880 372 MlssAE.

2695 308 2820 371 656

1617 483 1740 559 ejus
1774 480 2038 539 ceciderit
2078 487 2137 539 et
2178 499 2289 537 non
2330 479 2503 538 fuerit
2542 481 2816 540 inventa:

1616 559 1855 637 triginta
1917 559 2115 617 diebus
2182 560 2474 637 poeniteat.
2597 560 2818 618 Eadem

1616 637 1954 715 poenitentia
2011 638 2240 695 videtur
2303 637 2507 716 dignus
2565 638 2822 695 sacerdos

1691 735 1721 773 r
1788 717 1943 792 cujus
2009 715 2413 794 negligentiam
2489 723 2825 792 putrescunt

1660 794 1823 852 ostiae
1840 803 2201 852 consecratae:
2231 795 2396 852 dictis
2414 804 2601 852 autem
2620 794 2825 852 diebus

1617 874 1901 950 poenitens
1943 872 2115 931 debet
2158 871 2442 948 jejunare,
2487 881 2545 930 et
2587 892 2621 929 a
2673 890 2824 929 com-

1619 951 1885 1009 munione
1928 957 1987 1009 et
2025 970 2060 1007 a
2099 950 2476 1008 celebratione
2515 950 2819 1009 abstinere.

1619 1028 1878 1087 Pensatis
1916 1036 2108 1086 tamen
2152 1028 2587 1087 circumstantiis
2625 1028 2823 1087 delicti

1618 1116 1679 1165 et
1724 1123 2000 1186 personae,
2043 1114 2230 1184 potest
2271 1107 2451 1165 minui
2492 1106 2581 1165 vel
2626 1107 2824 1184 augeri

1618 1185 1956 1262 poenitentia
1995 1185 2287 1263 praedicta,
2312 1186 2616 1244 secundum
2646 1186 2823 1243 arbit-

1618 1264 1767 1321 rium
1790 1264 2020 1321 discreti
2048 1263 2393 1322 confessoris.
2469 1263 2599 1320 Hoc
2626 1271 2825 1321 tamen

1618 1343 1932 1400 tenendum
1953 1350 2057 1413 est,
2079 1341 2229 1418 quod
2255 1342 2574 1417 ubicunque
2599 1342 2826 1400 inveni-

1619 1429 1795 1478 untur
1828 1420 2041 1498 species
2070 1421 2407 1478 sacramenti
2443 1420 2705 1498 integrae,
2737 1433 2827 1477 re-

1618 1507 1887 1556 verenter
1912 1498 2204 1556 sumendae
2230 1506 2362 1556 sunt
2384 1517 2401 1568 ;
2442 1500 2595 1574 quod
2619 1498 2668 1555 si
2702 1498 2831 1556 sine

1618 1576 1868 1653 periculo
1907 1576 2030 1634 fieri
2070 1595 2184 1633 non
2223 1581 2428 1653 potest,
2455 1584 2591 1633 sunt
2628 1583 2829 1634 tamen

1618 1674 1723 1731 pro
1749 1654 2002 1731 reliquiis
2030 1655 2406 1713 reservandae.

1688 1732 1841 1791 Item
1860 1734 1906 1789 si
1921 1731 2104 1790 hostia
2118 1731 2208 1790 vel
2226 1751 2355 1811 pars
2371 1732 2573 1790 hostire
2589 1731 2829 1791 inventa

1620 1808 1793 1869 suerit
1844 1812 1947 1868 sub
2013 1810 2162 1888 palla
2215 1810 2305 1869 vel
2357 1810 2635 1888 corporali
2677 1823 2698 1881 3·
2771 1818 2833 1869 et

1617 1888 1913 1947 dubitatur
1949 1889 1996 1946 si
2038 1894 2124 1947 est
2164 1897 2485 1946 consecrata
2524 1888 2616 1947 vel
2655 1903 2781 1945 non
2812 1910 2827 1947 ε

1618 1966 1790 2024 debet
1816 1985 1938 2025 eam
1967 1975 2094 2044 post
2121 1967 2498 2045 sumptionem
2529 1967 2830 2044 sanguinis·

1619 2053 1951 2103 reverenter
1988 2063 2229 2115 sumere,
2275 2053 2340 2104 ut
2377 2045 2436 2101 in
2478 2044 2648 2102 titulo
2698 2050 2739 2078 ‘⁸
2759 2047 2833 2104 de

1620 2123 1997 2182 celebratione
2022 2122 2208 2180 missae
2232 2123 2266 2151 ''
2295 2122 2515 2200 plenius
2545 2122 2829 2183 invenies

1700 2202 1852 2259 Item
1881 2201 2029 2259 circa
2049 2201 2347 2259 materiam
2366 2199 2677 2279 sanguim,
2702 2203 2836 2261 vide

1622 2298 1698 2337 ne
1739 2280 1813 2338 sit
1859 2299 1891 2336 a
1933 2287 2100 2350 resta,
2147 2279 2239 2337 vel
2282 2279 2473 2336 vinnm
2513 2278 2596 2336 ita
2636 2280 2838 2340 debile

1621 2359 1771 2434 quod
1797 2300 1953 2415 nulfo
1979 2359 2150 2416 modo
2174 2357 2383 2416 habeat
2410 2357 2653 2435 speciem
2678 2360 2836 2429 vini3

1623 2456 1695 2494 ne
1722 2436 1797 2495 sit
1835 2453 1983 2512 aqna
2011 2439 2188 2494 rubea
2227 2449 2493 2515 expressa
2519 2435 2593 2493 de
2632 2453 2840 2514 panno

1620 2514 1862 2573 intincto
1890 2515 1949 2570 in
1978 2515 2109 2571 vino
2143 2516 2352 2586 rube03
2399 2533 2472 2572 ne
2499 2515 2575 2572 sit
2599 2525 2838 2575 acetum

1620 2592 1711 2650 vel
1739 2591 1934 2649 vinum
1962 2594 2195 2650 omnino
2235 2600 2596 2671 corruptum3
2645 2613 2727 2653 ne
2756 2597 2837 2652 sit

1620 2669 1915 2741 claretum,
1969 2669 2060 2729 vel
2113 2672 2306 2728 vinum
2360 2672 2432 2728 de
2498 2671 2679 2729 moris
2734 2682 2841 2731 aut

1621 2748 2027 2827 malogranatis
2061 2749 2409 2808 confectum:
2463 2748 2595 2826 quia
2631 2769 2839 2809 veram

1621 2828 1863 2905 speciem
1891 2827 2008 2884 vini
2035 2843 2150 2885 non
2176 2827 2448 2886 retinent.

1699 2905 2017 2965 Conficiens
2043 2926 2170 2963 cum
2199 2905 2330 2963 vino
2354 2904 2505 2983 quod
2532 2913 2620 2963 est
2648 2907 2715 2963 in
2747 2907 2847 2966 via

1621 2984 2013 3062 corruptionis,
2067 2983 2159 3042 vel
2222 2984 2295 3041 ad
2347 2984 2783 3062 corruptionem
2815 2995 2844 3025 ⁸

1621 3063 1949 3140 gravissime
2018 3069 2233 3140 peccat,
2298 3060 2431 3119 licet
2495 3062 2775 3122 conficiat
2825 3085 2843 3137 3

1622 3141 1888 3218 quoniam
1918 3156 2033 3198 non
2059 3140 2270 3199 retinet
2297 3140 2539 3217 speciem
2564 3140 2709 3199 vini.

1701 3219 1855 3277 Item
1896 3219 2207 3276 cavendum
2251 3228 2338 3275 est
2384 3237 2457 3277 ne
2504 3227 2845 3297 apponatur

1622 3297 1731 3355 nisi
1757 3297 2038 3355 modicum
2062 3297 2134 3355 de
2161 3315 2327 3373 aqua3
2370 3297 2503 3373 quia
2522 3299 2570 3354 si
2596 3306 2845 3358 tantum

1623 3383 1930 3453 poneretur
1970 3375 2117 3452 quod
2143 3375 2386 3452 speciem
2417 3375 2534 3433 vini
2573 3375 2844 3450 tolleret,

1624 3473 1737 3513 non
1766 3453 2154 3512 conficeretur.

1705 3531 1876 3603 Item,
1899 3533 1946 3590 si
1967 3551 2077 3609 qua
2095 3530 2188 3590 hic
2208 3530 2437 3601 desunt,
2458 3532 2848 3609 requirantur

1625 3611 1683 3667 in
1727 3612 1963 3671 Summa
1998 3620 2058 3668 et
2097 3610 2346 3670 Lectura
2386 3610 2727 3668 Hostiensis
2779 3614 2843 3669 in

1623 3689 1793 3748 titulo
1821 3694 1857 3722 “
1878 3690 1953 3748 de
1975 3688 2352 3748 celebratione
2381 3687 2754 3747 missarum.”

2033 3767 2158 3826 Deo
2182 3767 2410 3847 gratiae.
