2975 5009
302 234 430 297 139

299 412 480 483 quant
507 402 684 461 mihi:
727 413 787 463 et
826 401 1149 462 humiliavit
1185 423 1280 463 eos
1306 404 1402 480 qui
1434 410 1522 462 est

298 491 434 541 ante
489 481 692 541 saecula
731 490 792 541 et
845 492 1042 542 manet
1095 483 1155 540 in
1200 492 1519 541 aeternum:

294 563 449 640 jacta
487 562 795 637 cogitatum
837 570 998 619 tuum
1040 560 1099 618 in
1129 561 1411 619 Domino:
1461 569 1523 620 et

308 641 430 719 ipse
456 648 516 698 te
543 640 813 699 enutriet.

391 718 710 775 Psalmus.⁸

372 794 601 859 Exaudi,
630 795 788 864 Deus,
815 793 1115 848 orationem
1151 810 1344 861 mem,
1371 799 1427 847 et
1450 810 1522 847 ne

299 866 602 937 despexeris
619 866 686 920 de
724 865 1050 919 recationem
1071 881 1246 918 meam
1267 865 1522 919 :intende

301 938 438 991 mihi
463 943 518 991 et
540 954 677 991 exau
717 936 735 988 i
761 953 862 989 me.
925 934 1111 989 Gloria
1136 934 1304 988 Patri.

388 1010 540 1065 Dum
593 1008 918 1066 clamarem.
1005 1005 1270 1064 Oremus.
1353 1006 1403 1064 F
1407 1005 1520 1065 lec-

305 1096 492 1146 tamus
518 1107 720 1164 genua.
811 1085 1045 1143 Levate.

389 1167 617 1223 Oratio.

384 1240 560 1313 DeuS,
610 1242 704 1319 qui
752 1240 917 1319 culpa
964 1239 1290 1311 offenderis,
1338 1242 1521 1319 poeni-

304 1322 491 1380 tentia
516 1320 751 1398 placaris
775 1341 786 1377 ε
829 1339 1024 1398 preces
1053 1318 1246 1410 populi
1272 1320 1358 1377 tui
1384 1340 1518 1454 sup-

304 1398 563 1478 plicantis
604 1398 884 1477 propitius
924 1418 1161 1475 respice,
1198 1404 1258 1456 et
1289 1397 1458 1476 flagei
1481 1419 1518 1456 a

304 1487 420 1537 tuae
438 1477 762 1549 iracundiae,
781 1497 909 1554 quae
925 1497 1029 1555 pro
1044 1476 1286 1555 peccatis
1307 1477 1516 1535 nostris

302 1576 608 1627 meremur,
673 1556 1013 1635 propitiatus
1078 1562 1289 1614 averte.
1350 1605 1359 1615 .
1401 1555 1517 1613 Per

307 1636 636 1692 Dominum.

380 1713 574 1771 Lectio
599 1712 796 1770 Esaioe
824 1710 1174 1788 Prophetae.b

384 1791 457 1849 In
485 1793 684 1851 diebus
708 1790 839 1861 illis,
871 1789 1198 1868 AEgrotavit
1236 1788 1514 1847 Ezechias

303 1889 480 1947 usque
505 1872 577 1928 ad
605 1878 883 1927 mortem:
912 1877 972 1926 et
998 1866 1256 1925 introivit
1281 1868 1352 1924 ad
1382 1888 1513 1925 eum

304 1947 498 2006 Esaias
536 1947 685 2006 filius
729 1949 913 2005 Amos
953 1944 1248 2024 propheta,
1279 1953 1339 2002 et
1364 1946 1516 2003 dixit

305 2027 358 2084 ei
383 2049 396 2085 ε
465 2027 612 2084 Haec
676 2026 815 2084 dicit
870 2024 1149 2082 Dominus
1178 2044 1194 2094 ;
1259 2023 1515 2101 Dispone

305 2105 498 2163 domui
525 2114 659 2175 tuae,
701 2105 834 2180 quia
873 2101 1131 2159 morieris
1171 2110 1256 2170 tu,
1299 2109 1359 2160 et
1399 2122 1514 2159 non

303 2183 476 2242 viveS.
558 2182 638 2241 Et
677 2181 961 2239 convertit
1000 2178 1275 2237 Ezechias
1313 2179 1512 2238 faciem

305 2281 464 2319 suam
491 2261 562 2318 ad
630 2261 886 2329 arietem,
916 2266 976 2317 et
1003 2259 1185 2315 oravit
1211 2259 1283 2314 ad
1313 2258 1512 2316 Domi-

309 2360 466 2410 num,
495 2347 554 2397 et
622 2339 768 2409 ixit3
802 2336 1068 2406 Obsecr0,
1100 2336 1363 2407 Domine,
1393 2357 1513 2395 me-

306 2427 502 2477 mento
541 2436 732 2494 quaeso
783 2415 1062 2492 quomodo
1101 2411 1508 2472 ambulaverim

305 2517 492 2554 coram
533 2504 591 2553 te
632 2496 691 2552 in
721 2494 962 2553 veritate
990 2494 1137 2550 etin
1174 2493 1340 2550 corde
1382 2512 1513 2570 per-

303 2573 470 2644 fect0,
500 2582 560 2632 et
587 2574 735 2650 quod
765 2574 974 2630 bonum
997 2580 1083 2630 est
1109 2572 1169 2628 in
1199 2571 1371 2628 oculis
1398 2572 1514 2628 tuis

303 2652 555 2711 fecerim.
666 2652 746 2709 Et
811 2650 970 2708 flevit
1036 2648 1306 2708 Ezechias
1371 2648 1511 2706 fletu

306 2750 531 2809 magno.
614 2728 694 2786 Et
731 2728 939 2786 iactum
983 2736 1069 2786 est
1112 2729 1348 2786 verbum
1392 2727 1512 2784 Do-

307 2810 449 2866 mini
496 2810 568 2866 ad
612 2809 837 2866 Esaiam
920 2806 1241 2886 rophetam,
1277 2805 1509 2876 dicens3

308 2887 494 2957 Vade,
524 2896 582 2946 et
607 2888 699 2945 dic
727 2829 1025 2957 Ezeciiiae3
1056 2886 1203 2943 Haec
1227 2885 1365 2942 dicit
1392 2883 1512 2940 Do-

309 2967 497 3024 minus
526 2967 681 3024 Deus
710 2965 896 3023 David
934 2965 1112 3044 patris
1139 2963 1221 3021 tui
1248 2985 1261 3021 :
1295 2962 1511 3020 Audivi

306 3046 619 3104 orationem
641 3055 816 3115 tuam,
839 3054 898 3102 et
918 3043 1033 3101 vidi
1053 3042 1328 3117 lacrymas
1350 3050 1508 3098 tuas:

305 3143 430 3183 ecce
456 3144 561 3203 ego
585 3123 848 3201 adjiciam
869 3141 1038 3199 super
1057 3120 1178 3178 dies
1198 3127 1326 3177 tuos
1346 3119 1512 3195 quin·

303 3203 488 3261 decim
515 3223 723 3261 annos:
768 3210 827 3261 et
853 3201 926 3259 de
954 3219 1122 3257 manu
1150 3197 1299 3276 regis
1330 3199 1509 3273 Assy-

304 3282 519 3340 riorum
561 3302 755 3340 eruam
798 3290 855 3338 te
889 3288 948 3337 et
984 3277 1274 3335 civitatem
1316 3276 1507 3345 istam,

304 3369 364 3419 et
383 3369 679 3440 protegam
701 3380 845 3430 eam,
866 3357 1006 3415 dicit
1029 3356 1303 3413 Dominus
1326 3354 1510 3411 omni-

305 3449 525 3517 potens.

387 3516 687 3575 Gla-adalae

371 3593 534 3649 Jaeta
556 3593 849 3663 cogitatum
887 3595 1044 3643 tuum
1069 3588 1129 3641 in
1155 3586 1414 3641 Domino:
1454 3590 1512 3638 et

300 3664 414 3735 ipse
438 3671 493 3719 te
517 3663 775 3718 enutriet.

312 3736 371 3789 V.
447 3736 590 3788 Dum
620 3734 906 3787 clamarem
943 3730 1013 3784 ad
1052 3727 1379 3793 Dominum;
1419 3742 1510 3779 ex·

297 3806 508 3860 audivit
531 3823 710 3860 vocem
749 3820 923 3857 meam
960 3802 1028 3855 ab
1065 3800 1151 3853 his
1184 3798 1282 3869 qui
1317 3813 1509 3868 appro-

300 3876 572 3949 pinquant
595 3874 751 3929 mihi.

380 3949 689 4026 Repetatwr
718 3943 989 4004 Gradale.

300 4060 329 4089 ⁸
363 4052 434 4106 ib.
464 4051 537 4123 (v.
567 4050 615 4119 1,
646 4049 722 4131 2.)

299 4123 328 4161 b
364 4140 476 4193 cap.
504 4137 726 4174 xxxvm.
755 4117 824 4171 A.
849 4117 920 4189 (v.
951 4113 1096 4185 1-6.)

301 4204 325 4232 0
362 4193 567 4247 Ps.1iv.
597 4191 687 4264 (lv.
718 4189 830 4258 22.)

300 4266 328 4303 α
365 4282 477 4337 cap.
503 4263 615 4318 viii.
644 4262 714 4315 A.
743 4260 813 4331 (v.
841 4256 1024 4330 5-13.)

369 4377 407 4411 ’κ’
454 4376 656 4430 Versus.
731 4372 952 4445 Respice
975 4370 1035 4424 in
1060 4386 1147 4424 me
1169 4372 1226 4423 et
1260 4366 1508 4420 miserere

298 4448 420 4516 mei,
449 4447 690 4514 Domine,
721 4443 927 4499 custodi
961 4440 1202 4496 animam
1238 4455 1412 4491 meam
1450 4441 1507 4489 et

1005 247 1223 295 Imma
1268 245 1545 304 QUINTA
1591 247 1763 295 Posw
1812 246 2147 295 emmaus.

2732 229 2854 292 140

1721 402 2044 461 Secwndum
2071 401 2156 459 M
2149 402 2469 460 atthoeum.⁶

1718 481 1792 539 In
1846 481 1947 539 illo
2006 489 2284 559 tempore,
2341 480 2487 539 Cum
2557 479 2852 539 introisset

1634 558 1679 617 J
1682 579 1806 618 esus
1845 558 2266 638 capharnaum,
2308 558 2542 617 accessit
2596 558 2675 615 ad
2724 580 2849 618 eum

1635 638 1910 710 centurio,
1945 657 2149 716 rogans
2191 658 2322 696 eum
2361 645 2420 695 et
2459 639 2690 707 dicens3
2743 639 2850 696 Do-

1634 717 1810 787 mine,
1839 736 1983 795 puer
2010 736 2169 774 meus
2207 716 2365 794 jacet
2390 716 2451 773 in
2479 717 2656 773 domo
2685 735 2847 794 para·

1633 792 1855 869 lyticus,
1886 805 1945 854 et
1973 793 2119 852 male
2151 802 2469 872 torquetur.
2552 793 2636 852 Et
2661 795 2748 853 ait
2774 794 2848 851 illi

1631 871 1802 931 Jesus
1823 895 1839 945 ;
1890 872 2014 952 Ego
2061 873 2304 943 veniam,
2348 880 2407 930 et
2446 874 2660 930 curabo
2701 892 2846 930 eum.

1633 950 1713 1009 Et
1741 953 2087 1030 respondens
2112 950 2405 1021 Centurio,
2432 951 2550 1021 ait;
2581 951 2847 1023 Domine,

1635 1049 1749 1087 non
1776 1050 1901 1088 sum
1928 1030 2135 1108 dignus
2165 1038 2228 1087 ut
2266 1029 2444 1087 intres
2484 1031 2590 1087 sub
2632 1037 2846 1088 tectum

1635 1127 1824 1165 meum
1855 1128 1866 1164 :
1936 1108 2035 1167 sed
2101 1117 2330 1166 tantum
2383 1107 2476 1165 dic
2528 1109 2725 1180 verbe,
2794 1119 2848 1167 et

1632 1187 1925 1244 sanabitur
1968 1206 2112 1265 puer
2158 1206 2335 1244 meus.
2415 1184 2575 1243 Nam
2633 1194 2694 1244 et
2749 1206 2848 1264 ego

1632 1263 1804 1322 homo
1856 1285 1981 1323 sum
2022 1267 2125 1323 sub
2161 1272 2444 1343 potestate
2486 1265 2848 1337 constitutus,

1631 1341 1845 1402 habens
1884 1345 1987 1401 sub
2023 1364 2115 1402 me
2155 1342 2385 1413 milites,
2426 1351 2486 1401 et
2524 1343 2653 1401 dico
2681 1342 2848 1402 huic:

1634 1420 1818 1492 Vade,
1846 1430 1905 1480 et
1924 1421 2116 1482 vadit:
2146 1431 2205 1479 et
2224 1421 2352 1493 alic,
2376 1420 2555 1491 Veni,
2577 1431 2640 1479 et
2659 1423 2848 1494 venit3

1629 1507 1690 1557 et
1718 1519 1877 1558 servo
1905 1520 2051 1570 meo,
2095 1501 2208 1558 Fac
2247 1499 2372 1570 hoc,
2402 1508 2463 1558 et
2486 1498 2644 1558 facit.
2728 1501 2850 1559 Au·

1630 1577 1792 1636 diens
1844 1586 2035 1636 autem
2103 1578 2148 1637 J
2149 1598 2274 1636 esus
2327 1578 2569 1636 miratus
2623 1585 2732 1648 est,
2793 1588 2851 1637 et

1628 1657 1993 1733 sequentibus
2010 1677 2069 1715 se
2089 1657 2241 1713 dixit
2258 1678 2274 1727 3
2305 1657 2495 1715 Amen
2517 1656 2648 1714 dico
2668 1659 2848 1728 vobis,

1628 1754 1744 1791 non
1786 1735 1981 1793 inveni
2027 1743 2251 1793 tantam
2297 1734 2474 1792 fidem
2521 1736 2584 1792 in
2641 1735 2846 1794 Israel.

1629 1811 1775 1869 Dico
1841 1824 2033 1872 autem
2089 1814 2264 1883 vobis,
2331 1813 2485 1890 quod
2550 1813 2721 1871 multi
2778 1817 2848 1873 ab

1633 1888 1875 1949 Oriente
1943 1900 2002 1949 et
2073 1890 2384 1950 Occidente
2451 1892 2709 1962 venient,
2789 1903 2851 1951 et

1627 1971 1961 2028 recumbent
2004 1989 2132 2027 cum
2191 1969 2512 2037 Abraham,
2561 1969 2745 2041 Isaac,
2790 1979 2851 2030 et

1625 2045 1804 2105 Jacob
1831 2049 1892 2105 in
1921 2067 2098 2122 regno
2125 2048 2392 2106 coelorum
2417 2068 2430 2104 :
2475 2047 2615 2105 Filii
2648 2059 2849 2108 autem

1627 2127 1791 2203 regni
1813 2141 1838 2169 θ
1885 2127 2185 2205 ejicientur
2224 2127 2285 2183 in
2325 2128 2593 2185 tenebras
2627 2129 2850 2185 exteri·-

1627 2223 1753 2262 ores
1776 2227 1789 2263 :
1820 2205 1900 2262 ibi
1918 2205 2031 2263 erit
2049 2204 2218 2262 fietus
2247 2213 2307 2262 et
2326 2206 2539 2262 stridor
2559 2205 2848 2264 dentium.

1626 2281 1706 2340 Et
1745 2283 1895 2341 dixit
1920 2282 2090 2341 Jesus
2120 2282 2494 2342 Centurioni:
2547 2281 2744 2355 Vade,
2790 2293 2848 2344 et

1625 2360 1771 2419 sicut
1807 2360 2114 2432 credidisti,
2161 2360 2265 2419 fiat
2295 2361 2420 2419 tibi.
2499 2361 2583 2419 Et
2613 2373 2848 2421 sanatus

1627 2449 1714 2497 est
1711 2459 1883 2574 (puer
1910 2440 1970 2496 in
1998 2437 2094 2496 illa
2119 2437 2276 2497 hora.

1747 2518 2115 2593 ffertorium.f

1698 2594 1788 2647 Ad
1813 2600 1881 2663 te,
1906 2594 2147 2663 Domine,
2168 2593 2341 2648 levavi
2360 2594 2604 2649 animam
2624 2612 2814 2650 meam
2835 2617 2844 2648 ε

1629 2663 1771 2718 Deus
1788 2682 1953 2732 meus,
1974 2666 2035 2717 in
2055 2671 2109 2718 te
2126 2665 2348 2732 confide,
2371 2682 2481 2717 non
2501 2667 2817 2721 erubescam
2834 2687 2844 2732 ;

1625 2752 1798 2804 neque
1834 2735 2095 2789 irrideant
2119 2753 2206 2789 me
2229 2734 2439 2788 inimici
2464 2736 2570 2790 mei
2594 2756 2606 2804 ;
2639 2738 2844 2790 etenim

1624 2806 1861 2928 guiversi
1903 2807 1998 2876 qui
2035 2812 2089 2860 te
2130 2813 2416 2877 expectant
2456 2824 2569 2861 non
2612 2808 2841 2862 confun-

1663 2883 1836 2929 entur.

1635 2946 1693 2999 V.
1759 2946 1942 3017 Dirige
1962 2964 2048 3000 me
2066 2946 2125 2999 in
2143 2947 2373 3000 veritate
2392 2951 2490 3001 tua
2503 2953 2561 3001 et
2578 2948 2711 3002 doce
2732 2966 2839 3003 me:

1623 3016 1753 3086 quia
1794 3023 1857 3070 tu
1900 3035 1956 3071 es
1994 3017 2139 3070 Deus
2180 3017 2432 3071 salutaris
2479 3036 2648 3088 meus,
2690 3026 2753 3073 et
2795 3027 2844 3073 te

1623 3087 1857 3140 sustinui
1881 3093 1998 3142 tota
2021 3087 2163 3142 die*

1709 3157 1946 3217 Secreta.

1706 3237 2017 3296 Offerimus
2082 3237 2207 3309 tibi,
2272 3236 2540 3310 Domine,
2597 3259 2842 3298 munera

1621 3335 1749 3393 quae
1777 3315 1983 3375 dedisti
2006 3336 2018 3373 ε
2047 3325 2112 3375 ut
2139 3325 2199 3375 et
2225 3317 2525 3374 creationis
2545 3324 2662 3376 tuae
2689 3318 2840 3377 circa

1623 3394 2027 3452 mortalitatem
2109 3403 2362 3451 nostram
2447 3396 2840 3455 testificentur

1620 3471 1913 3545 auxilium,
1946 3481 2006 3531 et
2037 3473 2351 3531 remedium
2392 3473 2556 3531 nobis
2596 3475 2840 3532 immor-

1621 3550 1859 3608 talitatis
1886 3559 2210 3640 operentur.
2293 3547 2425 3609 Per.

1698 3627 1991 3705 Proefatw.
2076 3628 2192 3696 Qui
2218 3628 2494 3708 corporali
2515 3630 2752 3709 jejuni0.

1709 3706 2096 3765 Communia&
2557 3717 2562 3722 ’

1692 3784 2012 3855 Acceptabis
2046 3783 2364 3837 sacrificium
2392 3784 2644 3854 justitiae,
2680 3784 2833 3840 obla-

1620 3854 1794 3979 ssones
1816 3861 1871 3909 et
1894 3855 2233 3909 holocausta:
2275 3872 2435 3926 super
2456 3857 2629 3911 altare
2652 3861 2830 3925 tuum,

1672 3943 1867 3980 omine.

1621 4045 1646 4073 θ
1681 4034 2003 4107 hujus—98.

1619 4105 1642 4143 f
1673 4106 1758 4160 Ps.
1786 4106 1927 4160 xxiv.
1957 4105 2103 4176 (xxv.
2133 4105 2179 4175 1,
2207 4105 2258 4175 2,
2287 4105 2333 4175 3,
2363 4105 2438 4175 5.)

1621 4186 1649 4224 s
1685 4177 1771 4232 Ps.
1798 4177 1833 4231 l.
1862 4175 1941 4247 (li.
1971 4176 2079 4248 19.)

1619 4358 1764 4430 eripe
1797 4376 1898 4427 me,
1940 4376 2049 4412 non
2093 4356 2406 4427 confundar,
2445 4358 2697 4429 quoniam
2741 4356 2826 4411 in-

1619 4430 1800 4487 vocavi
1826 4435 1895 4484 te.
1925 4430 1995 4501 (v.
2023 4428 2368 4500 20.)-Grad.
