2975 5009
140 266 227 329 13

134 436 462 496 conversis:
502 437 913 495 thuribulam-ius
948 457 1073 494 vero
1111 444 1211 493 stet
1227 444 1355 513 post

136 517 451 573 diaconum
471 515 551 571 ad
570 535 696 573 eum
715 536 1044 574 conversus:
1071 522 1121 572 et
1144 535 1357 603 semper

138 594 360 668 leqatur
391 593 774 669 Evanqelium
806 614 989 650 versus
1017 591 1352 669 aquilonem,

137 672 205 728 id
221 679 313 742 est,
329 672 568 729 boream.
624 671 707 729 Et
721 692 773 728 si
764 671 1113 760 Episcopus
1121 691 1352 746 exequa-

136 758 235 805 tur
260 749 526 826 officium,
571 770 754 806 omnes
792 748 1048 807 ministri
1085 748 1153 805 in
1192 748 1354 806 choro

135 827 216 883 ad
288 826 654 903 Sequentiam
717 826 1062 885 cantandam
1125 826 1354 883 veniant

136 905 368 981 quando
384 905 688 981 Sequentia
703 905 951 962 dicitur.
947 904 1353 980 ·proeterprin-

134 983 380 1059 cipalem
407 983 712 1041 diaconum
751 991 802 1040 et
818 982 1206 1060 principalem
1231 983 1356 1038 sub-

137 1061 499 1118 diaconum:
585 1069 634 1118 et
700 1061 784 1118 ibi
848 1080 1067 1117 moram
1121 1059 1355 1135 faciant

142 1138 380 1196 diaconi
410 1146 461 1195 et
499 1138 831 1196 subdiaconi
868 1139 936 1195 in
974 1138 1157 1195 medio
1197 1138 1354 1195 chori

138 1237 268 1273 cum
294 1217 595 1275 rectoribus
616 1217 788 1288 chori,
816 1215 984 1274 donec
1000 1215 1351 1292 principalis

136 1294 413 1352 diaconus
441 1315 478 1350 a
495 1294 723 1371 pulpito
748 1302 877 1371 post
918 1294 1113 1351 lectum
1151 1293 1346 1351 Evan-

136 1372 351 1447 yelium
367 1393 476 1449 per
496 1373 722 1430 chorum
741 1373 945 1430 redeat.
951 1372 988 1407 ²¹⁶
1072 1370 1217 1431 Cum
1244 1392 1345 1428 au-

136 1459 245 1506 tem
247 1450 530 1541 inceperit
544 1450 923 1525 Evanqelium
928 1457 1057 1526 post
1067 1449 1345 1508 Dominus

136 1527 442 1599 vobiscum,
454 1527 645 1604 faciat
668 1529 895 1604 siqnum
910 1548 1076 1604 super
1103 1528 1345 1584 librum·
1326 1573 1337 1585 .

134 1606 340 1664 deinde
366 1607 433 1663 in
457 1628 562 1664 sua
569 1605 762 1681 fronte
788 1629 806 1665 .·
845 1614 895 1663 et
910 1613 1105 1682 postea
1130 1605 1197 1662 in
1212 1626 1342 1683 pec-

134 1693 250 1744 tore
276 1705 407 1742 cum
423 1683 687 1761 pollice.†

212 1841 595 1916 Evanyelium
619 1840 919 1897 secundum
943 1838 1327 1896 Matthoeum.⁸

214 1919 289 1976 In
306 1918 404 1977 illo
420 1930 680 1996 tempore
697 1938 824 1975 cum
839 1917 1340 2008 appropinquasset

133 1996 177 2054 J
179 2017 303 2056 esus
333 1995 765 2072 HierosolymiS,
805 2004 862 2054 et
888 1996 1132 2053 venisset
1158 1994 1338 2053 Beth-

133 2074 338 2154 phage,
366 2076 440 2134 ad
466 2083 718 2134 montem
753 2073 991 2132 Oliveti:
1020 2082 1157 2131 tune
1183 2072 1340 2131 misit

132 2154 276 2213 duos
295 2153 612 2232 discipuIOS,
640 2154 831 2212 dicens
858 2153 970 2210 eiS.
1020 2150 1149 2210 Ite
1133 2171 1194 2208 m
1220 2171 1337 2209 cas-

129 2231 350 2304 tellum,
389 2234 543 2323 quod
567 2240 764 2291 eontra
801 2250 897 2288 vos
926 2237 1030 2301 est,
1058 2238 1117 2288 et
1143 2229 1337 2289 statim

130 2310 436 2373 invenietis
458 2312 672 2369 asinam
702 2310 798 2368 alli
869 2317 1006 2379 tam,
1036 2316 1095 2367 et
1159 2306 1336 2366 ullum

128 2415 259 2452 eum
287 2410 393 2449 ea:
422 2392 637 2460 solvite,
666 2397 726 2448 et
835 2387 1021 2445 ducite
1057 2407 1138 2444 ιιιι
1181 2386 1233 2457 i;
1276 2393 1336 2445 et

129 2473 176 2530 si
230 2472 358 2549 quis
403 2470 558 2529 vobis
609 2466 819 2545 aliquid
871 2463 1102 2538 dixerit,
1161 2463 1332 2523 dicite

128 2624 306 2685 ⁸.cap
334 2612 523 2666 xxiA.
550 2629 599 2665 v.
627 2609 746 2664 1-9

195 2736 233 2767 ’κ’
270 2735 344 2788 Ιη
369 2733 493 2803 fine
543 2733 796 2787 Gradalis
840 2732 915 2785 vel
956 2725 1335 2797 Alleluya'wel

131 2807 356 2859 Tractus
387 2806 461 2859 vel
489 2804 778 2874 Sequentiae
800 2805 874 2856 vel
900 2804 1096 2872 Prosae,
1131 2796 1334 2851 Chorus

122 2877 199 2930 ad
236 2877 405 2929 altare
437 2893 490 2928 se
524 2875 736 2928 inclinet
766 2879 1048 2944 antequam
1081 2874 1155 2928 ad
1187 2868 1331 2921 lecto-

126 2964 238 3000 rem
260 2946 541 3015 Evanqelii
560 2962 612 2998 se
627 2949 897 2998 convertat.
900 2945 1131 2998 —Grad.

197 3018 237 3085 †
278 3016 395 3069 Hoc
431 3016 580 3069 modo
625 3016 868 3083 leyantur
903 3014 1194 3084 Evanqelia
1229 3032 1333 3083 per

125 3094 294 3142 totum
316 3103 525 3140 annum
554 3087 617 3138 in
635 3084 797 3155 festis
829 3090 941 3139 tam
967 3103 1143 3139 novem
1165 3086 1330 3139 lectio-

128 3175 262 3212 num
283 3175 447 3228 quam
475 3157 642 3209 trium
662 3157 972 3219 lectionum;
1009 3161 1056 3209 et
1082 3157 1241 3210 etiam
1271 3158 1334 3209 in

112 3228 279 3298 feriis
327 3228 420 3280 hoc
471 3228 620 3279 modo
640 3226 993 3280 .·—Dominus
1043 3226 1327 3281 vobiscum.

131 3300 202 3353 Et
248 3315 372 3353 eum
420 3297 613 3368 spiritu
653 3304 762 3351 tuo.
834 3296 1124 3365 Sequentia
1159 3297 1332 3351 saneti

129 3368 395 3493 {mugelli
431 3367 724 3421 secundum
753 3365 1110 3490 Μὲιὺὴωιῇιιιὴε
1148 3384 1332 3422 seeun-

168 3458 262 3493 um
381 3455 594 3493 areum:
652 3455 812 3492 secun
854 3454 945 3489 um
1033 3454 1064 3490 o
1103 3454 1331 3492 aunem:

130 3510 427 3565 secundm
451 3508 668 3562 Lucam.
745 3507 927 3561 Gloria
951 3508 1064 3577 tibi,
1087 3508 1329 3562 Domine'.

130 3581 214 3635 Sit
264 3585 443 3634 autem
498 3579 700 3633 Chorus
748 3579 822 3631 ad
878 3579 1056 3647 ipsum
1103 3579 1333 3632 lectorem

129 3668 400 3705 conversus
422 3651 664 3703 continue
685 3650 815 3703 dum
838 3648 1030 3718 Evanq
1029 3650 1189 3701 elium
1210 3649 1331 3717 leyi-

128 3728 233 3792 tur,
283 3723 365 3775 ita
405 3721 545 3791 quod
593 3720 668 3773 ad
714 3719 896 3773 Gloria
943 3719 1058 3787 tibi,
1105 3719 1334 3773 Domine

127 3810 327 3877 semper
365 3796 625 3844 convertat
663 3807 716 3843 se
768 3789 970 3843 Chorus
1014 3790 1089 3843 ad
1129 3790 1329 3858 Altare,

125 3867 278 3948 siqno
332 3862 525 3916 Crucis
571 3878 625 3914 se
668 3862 904 3930 siqnans,
952 3860 1090 3930 quod
1137 3864 1215 3913 ter
1259 3831 1334 3914 ad

129 3937 362 4015 missam·
396 3934 682 3987 observetur
720 3932 967 4000 publice.-
1021 3931 1210 3984 scilicet
1260 3931 1334 3983 ad

130 4005 316 4059 Gloria
346 4002 408 4055 in
441 4002 673 4064 excelsis,
696 4017 818 4054 cum
839 4002 1039 4054 dicitur
1073 4000 1144 4053 In
1166 4000 1337 4082 gloria

130 4076 228 4131 Dei
254 4073 462 4129 Patris·
452 4114 463 4136 ,
489 4078 537 4126 et
553 4072 637 4125 hic
658 4088 781 4125 cum
801 4073 1001 4125 dicitur
1018 4070 1199 4125 Gloria
1216 4069 1332 4140 tibi,

129 4147 389 4210 Domine;
428 4148 612 4212 etpost
641 4142 883 4211 Sanam-³3,
908 4158 1030 4195 cum
1049 4143 1337 4197 dicitur.—

199 4289 233 4359 ss
270 4285 680 4342 deosculandum
714 4299 752 4336 a
787 4283 1008 4336 dexteris
1043 4283 1171 4337 suis.
1260 4281 1334 4335 In

130 4359 392 4413 redeundo
414 4356 574 4412 etiam
590 4355 845 4409 diaconus
862 4358 1055 4409 textum
1078 4354 1152 4408 ad
1167 4353 1335 4408 altare

198 4499 228 4570 ἓ
265 4499 332 4554 Si
358 4497 630 4568 episcopus
674 4495 1004 4564 celebraverit,
1047 4500 1175 4549 tunc
1208 4498 1334 4564 post

731 278 1092 331 DOMINIOA
1123 279 1357 329 PRIMA
1390 278 1783 331 ADVEN'PUS
1814 279 2097 331 DOMINI.

2595 269 2678 332 14

1466 438 1601 517 quia
1665 436 1943 496 Dominus
2010 435 2099 495 his
2164 456 2301 516 opus
2352 436 2562 498 habet.
2617 450 2678 500 et

1466 515 1761 575 confestim
1815 514 2070 573 dimittet
2110 534 2219 574 eos.
2302 516 2431 575 Hoc
2479 524 2668 577 autem

1465 603 1651 653 totum
1718 592 1926 652 factum
1980 601 2082 664 est,
2144 600 2210 651 ut
2261 594 2668 672 adimpleretur

1465 673 1619 750 quod
1653 672 1866 731 dictum
1907 679 1992 730 est
2066 691 2129 730 er
2169 670 2536 750 Prophetam,
2582 674 2668 731 di-

1465 759 1726 810 centem:
1784 749 1970 808 Dicite
2011 691 2091 807 gl
2056 750 2147 807 ilae
2174 749 2350 810 Sion.
2393 751 2537 809 Eece
2564 772 2668 811 rex

1464 837 1596 887 tuus
1662 828 1820 887 venit
1884 828 1990 886 tibi
2054 837 2397 899 mansuetuS,
2465 830 2665 888 sedens

1464 926 1636 998 super
1672 907 1908 978 asinam,
1950 913 2009 965 et
2048 904 2266 983 pullum
2307 906 2489 968 finum
2532 910 2661 966 sub·

1461 984 1683 1063 jugalis.
1775 985 1992 1043 Euntes
2018 991 2208 1042 autem
2234 984 2489 1063 discipuli
2518 984 2665 1045 fece-

1465 1071 1603 1121 runt
1644 1063 1787 1122 sicut
1825 1062 2096 1153 praecepit
2149 1060 2259 1120 illis
2311 1061 2355 1121 J
2356 1083 2498 1121 esus
2581 1064 2661 1125 Et

1464 1142 1829 1199 adduxerunt
1860 1140 2075 1199 asinam
2103 1149 2161 1199 et
2186 1140 2441 1218 pullum:
2472 1150 2532 1200 et
2555 1141 2663 1200 im-

1462 1227 1771 1298 posuerunt
1811 1239 1979 1297 super
2019 1238 2113 1277 eos
2154 1219 2492 1278 vestimenta
2542 1240 2659 1292 sua,

1462 1307 1523 1356 et
1540 1318 1670 1357 eum
1695 1298 1935 1375 desuper
1961 1297 2157 1355 sedere
2176 1295 2447 1357 fecerunt.
2527 1297 2660 1357 Plu-

1457 1376 1606 1434 rima
1657 1384 1849 1434 autem
1901 1377 2070 1434 turba
2121 1383 2443 1433 straverunt
2488 1379 2658 1435 vesti-

1457 1461 1654 1513 menta
1679 1474 1778 1512 sua
1796 1454 1855 1511 in
1883 1454 2009 1512 via:
2038 1453 2133 1511 alii
2158 1461 2344 1511 autem
2367 1455 2659 1514 caedebant

1455 1551 1641 1590 ramos
1668 1532 1740 1590 de
1778 1532 2087 1603 arboribus,
2130 1539 2188 1588 et
2227 1534 2558 1590 sternebant
2597 1533 2657 1591 in

1454 1612 1579 1669 via.
1634 1611 1819 1668 turbae
1860 1617 2051 1667 autem
2091 1627 2218 1685 quae
2257 1610 2655 1685 praecedebant

1455 1697 1516 1746 et
1481 1708 1667 1825 esquae
1693 1689 2088 1764 sequebantur,
2114 1685 2432 1746 clamabant
2466 1687 2660 1746 dicen-

1558 1766 1880 1826 :Hosanna
1907 1766 2056 1823 Filio
2081 1764 2299 1823 David:
2330 1766 2658 1825 benedictus

1452 1846 1549 1923 qui
1576 1845 1733 1903 venit
1761 1845 1821 1901 in
1849 1845 2075 1902 nomine
2105 1842 2358 1902 Domini.

1530 1923 1696 1981 Lecto
1731 1923 2062 1997 EvanqeliO,
2094 1921 2364 1979 osculetur
2405 1923 2654 1981 librum.-

1449 2009 1502 2059 et
1540 2001 1795 2059 accedens
1833 2001 2200 2089 subdiaconus
2238 2001 2431 2057 statim
2459 2002 2655 2078 porri-

1447 2087 1546 2153 9at
1562 2101 1614 2138 ei
1605 2078 1867 2136 Teoetum
1869 2079 1925 2159 ,ss
1946 2099 2106 2155 quem
2122 2078 2149 2134 i
2186 2098 2239 2134 se
2256 2078 2655 2159 diaconus*ex

1448 2158 1657 2215 directo
1666 2164 1884 2247 pectore
1898 2157 2123 2234 deferat.
2228 2157 2429 2215 Finito
2452 2122 2652 2215 Evan-

1447 2236 1591 2310 9elio
1610 2235 1856 2312 incipiat
1873 2235 2122 2292 sacerdos
2148 2233 2214 2290 in
2239 2236 2422 2294 medio
2449 2236 2652 2294 altam‘s

1445 2313 1685 2373 Credo
1670 2334 1731 2370 ιιι
1757 2334 1933 2371 ιιιιιιιιι
1960 2313 2163 2371 Deum.
2172 2311 2198 2390 ΙΙ
2278 2313 2501 2372 Deinde
2521 2335 2653 2372 can-

1447 2400 1593 2449 tetur
1612 2413 1648 2450 a
1669 2392 1848 2461 chore,
1868 2412 1982 2449 non
2008 2392 2332 2450 alternatim
2357 2391 2452 2450 sed
2478 2412 2516 2448 a
2542 2401 2650 2450 toto

1445 2470 1624 2529 choro.
1703 2470 1947 2547 Require
1972 2468 2143 2546 infra.
2154 2469 2179 2548 Η

1433 2733 1788 2802 principalem
1828 2732 2110 2786 diaconum
2142 2732 2451 2785 comitentur
2483 2736 2655 2787 caeteri

1443 2803 1657 2857 diaconi
1700 2808 1748 2855 et
1792 2803 2100 2856 subdiaconi
2143 2803 2205 2854 in
2242 2802 2428 2857 idtimo
2473 2805 2656 2858 ordine

1443 2875 1880 2927 subdiaconorum
1919 2872 2369 2941 processionaliter
2415 2890 2452 2925 a
2504 2872 2655 2926 clwro

1443 2945 1519 2997 ad
1564 2944 1744 2997 altare.
1817 2943 1909 2995 Ita
1955 2943 2092 3012 quod
2139 2958 2311 2994 unum
2347 2944 2655 3009 praeeedant

1442 3014 1786 3068 subdiaconi:
1836 3013 2021 3066 deinde
2042 3012 2366 3081 principalis
2387 3013 2655 3066 subdiaco-

1443 3101 1550 3138 nus
1579 3085 1641 3137 in
1665 3085 1848 3137 ultimo
1869 3084 2052 3137 ordine
2072 3082 2519 3151 subdiaconorum,
2545 3100 2655 3137 uno

1442 3156 1756 3209 subdiacono
1780 3154 2037 3207 incedente
2059 3155 2107 3206 ei
2136 3170 2172 3206 a
2207 3152 2403 3206 dextris
2424 3157 2471 3206 et
2493 3154 2654 3207 altero

1443 3242 1481 3279 a
1531 3227 1780 3279 sinistris.
1851 3225 2041 3278 Postea
2099 3228 2386 3294 sequantur
2441 3224 2655 3277 diaconi

1443 3297 1611 3350 simdi
1639 3297 1822 3350 ordine
1855 3295 2132 3363 dispositi:
2171 3298 2217 3347 et
2238 3293 2329 3346 hoc
2362 3295 2478 3363 ipso
2499 3295 2651 3348 modo

1444 3372 1494 3421 et
1534 3368 1718 3421 ordine
1749 3383 1849 3437 quo
1881 3367 1954 3419 ad
1988 3366 2266 3419 introitum
2300 3366 2474 3419 missae
2519 3367 2651 3420 dum

1443 3439 1683 3508 episcopu
1580 3454 1740 3506 opum
1755 3437 2129 3506 praecedebant.
2133 3435 2364 3490 -Grad

1522 3507 1543 3579 ΙΙ
1590 3507 1791 3562 Chorus
1821 3507 2127 3576 respondeat
2159 3505 2377 3560 Patrem
2409 3506 2648 3578 omnipo-

1443 3584 1664 3646 tentem,
1675 3595 1783 3631 non
1795 3577 2379 3631 alternandosedsimul
2389 3578 2653 3630 cantando

1442 3649 1557 3702 sine
1572 3620 1843 3718 aliquapa
1845 3649 2093 3701 usatione.
2150 3647 2260 3701 Stet
2276 3652 2451 3700 autem
2466 3647 2652 3701 chorus

1442 3720 1518 3800 ad
1550 3719 1718 3772 altare
1750 3735 2020 3773 conversus
2053 3718 2120 3771 ab
2154 3718 2440 3799 inceptione
2480 3716 2650 3771 Credo

1443 3788 1505 3841 in
1532 3806 1701 3842 unum
1736 3806 1998 3859 quousque
2032 3787 2218 3840 chorus
2251 3789 2362 3857 ipse
2394 3791 2576 3856 cantet,
2603 3794 2652 3841 et

1442 3860 1658 3912 interim
1683 3860 1745 3911 in
1777 3876 1891 3912 una
1913 3858 2232 3911 conversione
2265 3857 2339 3910 ad
2372 3858 2538 3910 altare
2571 3864 2650 3911 ter

1442 3946 1496 3983 se
1535 3929 1749 3983 inclinet
1787 3929 2010 3992 chorus;
2065 3928 2253 3981 scilicet
2292 3943 2412 3980 cum
2450 3928 2651 3981 dicitur

1444 3999 1555 4052 haec
1570 4000 1822 4069 clausula,
1840 4005 1895 4053 et
1911 4000 2222 4052 incarnatus
2239 4002 2318 4050 est
2335 3996 2402 4050 de
2418 3996 2646 4068 Spiritu;

1444 4071 1668 4124 secundo
1694 4086 1814 4123 cum
1850 4071 2049 4122 dicitur
2071 4073 2126 4121 et
2157 4067 2317 4121 homo
2339 4067 2512 4121 faetus
2535 4075 2647 4135 est;

1444 4142 1595 4194 tertio
1628 4158 1748 4194 cum
1794 4140 1993 4194 dicitur
2026 4137 2310 4193 crucifixus
2344 4137 2509 4192 etiam
2549 4157 2647 4212 pro

1446 4210 1631 4278 nobis3
1672 4215 1719 4263 et
1753 4210 1816 4263 in
1847 4210 1970 4280 fine
2003 4226 2123 4263 cum
2157 4209 2355 4262 dicitur
2389 4214 2443 4263 et
2477 4210 2648 4264 vitam

1445 4280 1662 4335 venturi
1692 4297 1952 4351 quousque
1984 4279 2251 4333 inchoetur
2281 4279 2646 4349 offertorium:

1442 4351 1586 4404 hunc
1628 4357 1829 4421 yestum
1874 4350 2061 4404 chorus
2105 4351 2351 4404 imitatur
2395 4352 2456 4403 in
2501 4352 2649 4404 omni

1428 4421 1572 4492 festo
1594 4438 1698 4504 per
1718 4438 1940 4476 annum.
2012 4421 2162 4474 Dum
2184 4438 2221 4474 a
2248 4420 2398 4473 choro
2431 4421 2647 4474 canitur

1444 4492 1614 4550 Credo
1657 4491 1719 4546 in
1760 4509 1948 4561 unum,
1989 4492 2199 4547 accedat
2235 4492 2489 4545 diaeonus
2522 4496 2648 4559 post
