2975 5009
71 224 208 288 225
332 241 556 288 ream
613 242 710 289 ιν.

65 396 278 454 tribuis
298 406 360 456 et
379 398 589 456 mentis
611 408 670 457 et
691 401 940 480 corporis
965 403 1285 461 sanitatem.

70 473 187 532 Per
216 476 556 534 Dominum.
1258 534 1272 543 .

149 553 454 630 PraefatiO.
540 554 655 623 Qui
684 557 960 636 corporali
980 558 1218 637 jejunio.

153 630 543 692 Communia·

141 708 347 762 Lutum
391 710 519 765 fecit
567 726 634 763 ex
681 717 840 783 sputo
907 712 1184 783 Dominus,
1232 720 1287 768 et

69 779 253 833 linivit
287 781 471 834 oculos
506 798 688 834 meos:
733 790 789 836 et
824 783 936 838 abii
972 790 1027 839 et
1078 785 1184 839 lavi
1230 791 1286 839 et

72 851 181 905 vidi
205 858 261 904 et
282 852 485 905 credidi
512 852 641 905 Deo.

147 923 624 981 Postcommunia

151 1000 524 1060 Sacramenta
574 1020 700 1078 quae
753 1005 1110 1082 sumpsimus,
1167 1007 1283 1063 Do-

72 1080 222 1139 mine
255 1080 417 1137 Deus
463 1089 674 1153 noster,
705 1090 765 1141 et
803 1084 1150 1161 spiritalibus
1178 1104 1280 1142 nos

73 1158 97 1189 '²
114 1158 401 1216 instruant
423 1163 451 1201 b
475 1157 781 1232 alimentiS,
810 1172 870 1220 et
898 1162 1280 1241 corporalibus

73 1246 342 1295 tueantur
368 1236 614 1295 auxiliis·
695 1238 810 1298 Per
838 1240 1169 1298 Dominum.

147 1315 335 1392 Super
349 1316 648 1392 populum.

149 1392 469 1452 Humiliate
494 1395 679 1473 capita
703 1404 894 1454 vestra
920 1399 1060 1457 Deo.

152 1472 378 1530 Oratim

149 1550 395 1609 Pateant
460 1569 624 1609 aures
676 1552 1076 1613 misericordiae
1142 1565 1275 1628 tute,

75 1629 338 1700 Domine,
366 1630 624 1707 precibus
643 1632 1097 1709 supplicantium,
1128 1646 1187 1693 et
1213 1644 1279 1693 ut

76 1707 397 1785 petentibus
423 1706 743 1767 desiderata
768 1713 1053 1784 concedaS,
1082 1713 1168 1772 fac
1185 1734 1279 1773 eos

74 1806 194 1863 quae
220 1786 331 1843 tibi
357 1782 565 1865 placita
602 1796 737 1846 sunt
775 1790 1077 1869 postulare.
1164 1794 1279 1852 Per

80 1865 406 1923 Dominum.

169 2013 391 2088 Feria
423 2017 674 2111 quinta
695 2029 858 2112 post
897 2019 1200 2094 Laetare.

143 2114 254 2170 Ad
278 2112 548 2171 Missam.
633 2115 939 2192 Officium.⁰

131 2191 400 2251 Laetetur
417 2212 514 2249 cor
534 2196 912 2270 quaerentium
930 2196 1241 2254 Dominum
1263 2216 1274 2253 ε

72 2270 307 2349 quaerite
361 2270 673 2329 Dominum
723 2282 782 2332 et
821 2275 1234 2333 confirmamini
1258 2298 1273 2335 ε

74 2350 308 2426 quaerite
334 2348 537 2408 faciem
564 2353 684 2428 ejus
711 2373 951 2431 semper.

147 2428 472 2486 Pedona-35¹

137 2504 484 2559 Oonfitemini
500 2505 732 2560 Domino
749 2513 804 2561 et
821 2506 1065 2563 invocate
1082 2527 1277 2565 nomen

70 2576 185 2647 ejus
210 2596 223 2629 :
248 2578 579 2632 annunciate
600 2578 744 2631 inter
764 2585 952 2649 gentes
970 2597 1128 2651 opera
1144 2582 1192 2652 ej
1201 2599 1275 2635 us.

148 2648 473 2707 Flectamus
497 2670 698 2727 genua.
780 2651 1014 2711 Levate.

152 2725 374 2786 oratic.

153 2806 396 2875 Praesta,
487 2826 827 2884 quaesumus,
920 2809 1278 2888 omnipotens

76 2884 246 2957 Deus,
273 2892 343 2942 ut
366 2902 504 2961 quos
522 2886 743 2963 jejunia
768 2886 956 2945 votiva
981 2890 1277 2965 castigant,

76 2963 192 3041 ipsa
229 2981 453 3041 quoque
500 2965 726 3023 devotio
766 2973 961 3023 sancta
1001 2965 1278 3038 laetificet,

76 3052 136 3098 ut
153 3042 405 3100 terrenis
432 3042 728 3101 affectibus
747 3044 1039 3122 mitigatis,
1066 3044 1279 3104 facilius

76 3118 317 3178 coelestia
340 3122 641 3199 capiamus.
726 3122 840 3180 Per
868 3123 1199 3181 Dominum.

150 3198 346 3256 Lectio
374 3199 511 3256 libri
536 3200 801 3275 Reyum.0

151 3276 226 3334 In
252 3277 454 3337 diebus
479 3277 610 3349 illis,
642 3278 825 3338 Venit
864 3279 1068 3340 mulier
1100 3280 1279 3340 Suna-

81 3355 225 3414 mitis
289 3356 366 3414 ad
432 3357 747 3415 Helisaeum
816 3360 1152 3438 prophetam
1220 3361 1281 3417 in

82 3442 325 3493 montem
392 3433 640 3494 Carmeli
672 3457 685 3493 :
753 3457 995 3515 cumque
1049 3439 1282 3498 vidisset

80 3529 196 3569 eam
232 3513 324 3569 vir
357 3513 471 3572 Dei
503 3515 575 3573 de
616 3522 833 3587 contra,
880 3516 961 3575 ait
1002 3516 1076 3574 ad
1115 3517 1280 3577 Giezi

82 3607 311 3665 puerum
357 3611 522 3650 suum
543 3614 561 3665 ;
618 3593 763 3653 Ecce
813 3595 1123 3654 Sunamitis
1165 3596 1277 3654 illa.

87 3666 244 3728 Vade
270 3691 409 3750 ergo
429 3672 488 3728 in
511 3690 799 3730 occursum
820 3676 960 3752 ejus,
988 3682 1048 3733 et
1073 3675 1164 3732 dic
1192 3675 1278 3734 ei:

85 3742 330 3808 Rectene
357 3750 549 3828 agitur
575 3750 721 3809 circa
739 3758 815 3823 te,
844 3760 904 3811 et
929 3754 1077 3810 circa
1096 3753 1279 3810 virum

82 3830 252 3898 tuum,
269 3837 331 3886 et
350 3830 498 3886 ciroe.
515 3827 697 3885 filium
723 3832 925 3888 tuum?
971 3830 1117 3898 Quae
1131 3834 1154 3872 f
1165 3851 1280 3889 res-

78 3905 314 3980 pondit3
343 3904 366 3943 ¹
418 3906 617 3965 Recte.
729 3906 984 3987 Cumque
1037 3910 1282 3968 venisset

171 3981 357 4041 virum
381 3985 490 4043 Dei
518 3984 577 4041 in
600 3993 874 4057 montem,
903 3987 1284 4066 apprehendit

76 4060 245 4135 pedes
272 4062 423 4139 ejus:
472 4071 535 4121 et
569 4066 799 4123 accessit
838 4065 1000 4125 Giezi
1026 4074 1093 4124 ut
1127 4085 1282 4125 amo-

78 4225 81 4230 ’
134 4221 334 4280 Johan.
361 4243 474 4298 cap.
502 4226 575 4280 ix.
604 4226 676 4349 ἓν.
707 4226 815 4298 11.)

78 4285 109 4330 ⁸
138 4294 473 4364 repleant.—-
499 4297 582 4351 13.
647 4296 696 4351 6.

108 4418 112 4424 .
138 4363 221 4418 ΡΒ.
247 4366 350 4422 civ.
377 4367 475 4440 (cv.
505 4367 555 4438 3,
582 4367 660 4438 4.)

90 4428 119 4468 ⁸
150 4434 218 4489 ib.
250 4436 322 4506 (v.
354 4437 426 4510 1.)

838 242 1057 291 HEBD.
1105 245 1184 293 IV
1232 243 1854 304 QUADRAGESIMAE.

1992 243 2215 291 ream
2251 244 2315 291 v.
2481 226 2612 290 226

1406 410 1566 461 veret
1583 422 1723 460 eam.
1794 400 1873 458 Et
1891 401 1973 459 ait
1994 400 2162 458 homo
2189 401 2298 459 Dei
2315 422 2331 472 3
2363 399 2607 458 Dimitte

1404 499 1530 538 eam
1554 500 1565 537 ε
1603 481 1794 538 anima
1819 480 1972 538 enim
2001 480 2120 556 ejus
2140 479 2200 536 in
2229 478 2603 537 amaritudine

1401 566 1508 628 est,
1538 568 1598 617 et
1640 559 1911 615 Dominus
1949 558 2147 617 celavit
2173 579 2208 615 a
2233 578 2345 628 me,
2387 568 2447 615 et
2485 576 2602 615 non

1401 637 1675 694 indicavit
1696 636 1854 694 mihi.
1937 637 2079 705 Quae
2100 636 2249 694 dixit
2266 636 2347 693 illi
2368 657 2384 707 ;
2413 634 2600 693 Num-

1398 716 1536 792 quid
1590 716 1766 794 petivi
1819 713 2001 772 filium
2055 735 2090 772 a
2142 715 2373 772 domino
2426 716 2600 773 meo?

1398 794 1671 871 numquid
1695 813 1808 850 non
1829 795 1950 852 dixi
1969 794 2107 852 tibi:
2138 792 2232 851 Ne
2252 792 2449 851 illudas
2467 795 2597 852 me?

1395 870 1476 929 Et
1502 871 1597 930 ille
1634 874 1717 930 ait
1742 872 1814 929 ad
1843 872 2041 942 Giezi;
2087 871 2339 950 Accinge
2381 871 2600 930 lumbos

1394 958 1540 1021 tuos,
1570 959 1630 1009 et
1654 948 1790 1009 tolle
1830 950 2087 1008 baculum
2122 970 2309 1008 meum
2337 950 2397 1007 in
2425 970 2599 1008 manu

1393 1035 1510 1099 tua,
1542 1038 1601 1087 et
1620 1029 1780 1086 vade.
1863 1029 1925 1088 Si
1946 1028 2250 1087 occurrerit
2274 1029 2381 1086 tibi
2410 1028 2598 1100 homo,

1394 1125 1507 1163 non
1548 1107 1753 1166 salutes
1793 1126 1953 1166 eum:
2003 1116 2063 1166 et
2087 1106 2137 1165 si
2173 1107 2499 1166 salutaverit
2537 1116 2597 1166 te

1391 1185 1688 1263 quispiam,
1715 1206 1830 1243 non
1846 1186 2186 1264 respondeas
2205 1185 2286 1243 illi
2310 1205 2322 1242 ε
2345 1194 2405 1244 et
2422 1205 2598 1264 ponas

1392 1264 1649 1322 baculum
1704 1284 1893 1324 meum
1940 1284 2111 1343 super
2160 1263 2360 1322 faciem
2414 1264 2595 1342 pueri.

1393 1341 1575 1400 Porro
1594 1351 1778 1402 mater
1796 1343 1958 1423 pueri
1976 1346 2057 1400 ait
2075 1365 2091 1414 ;
2116 1342 2278 1401 Vivit
2300 1342 2596 1415 DominuS,

1391 1428 1451 1478 et
1478 1422 1618 1480 vivit
1652 1423 1842 1480 anima
1879 1429 1996 1493 tua,
2038 1441 2151 1478 non
2191 1421 2477 1479 dimittam
2517 1429 2594 1479 te.

1393 1499 1660 1558 Surrexit
1715 1519 1867 1579 erg0,
1923 1508 1982 1558 et
2034 1509 2255 1557 secutus
2309 1508 2395 1557 est
2448 1519 2593 1557 eam.

1396 1576 1560 1636 Giezi
1588 1587 1779 1636 autem
1861 1586 2193 1637 raecesserat
2232 1585 2367 1635 ante
2394 1597 2506 1650 eoS‚
2537 1588 2596 1637 et

1393 1665 1656 1733 posuerat
1683 1598 1940 1715 bacufum
1979 1676 2150 1735 super
2188 1654 2386 1713 faciem
2411 1656 2594 1734 pueri,

1395 1744 1453 1793 et
1473 1754 1587 1791 non
1616 1743 1738 1794 erat
1764 1754 1874 1791 vox
1911 1754 2092 1813 neque
2132 1752 2361 1806 sensus3
2407 1754 2593 1793 rever·

1392 1832 1593 1889 susque
1620 1823 1707 1872 est
1737 1812 1901 1872 Giezi
1941 1815 2002 1870 in
2040 1831 2327 1871 occursum
2368 1812 2506 1890 eju3‚
2536 1821 2597 1872 et

1391 1892 1682 1949 nunciavit
1735 1892 1806 1963 ei,
1859 1891 2051 1950 dicens
2078 1913 2094 1964 3
2150 1889 2290 1948 Non
2343 1891 2596 1948 surrexit

1393 1989 1552 2047 puer.
1635 1970 1929 2050 Ingressus
1983 1977 2069 2028 est
2122 1988 2258 2048 ergo
2311 1967 2596 2027 Helisaeus

1391 2049 1642 2119 domum,
1670 2059 1730 2108 et
1756 2069 1881 2108 ecce
1916 2068 2059 2127 puer
2097 2055 2350 2105 mortuus
2367 2046 2597 2125 jacebat

1392 2126 1451 2183 in
1493 2126 1697 2185 lectulo
1737 2129 1871 2206 ejuS.
1955 2127 2359 2205 Ingressusque
2399 2127 2597 2185 clausit

1393 2205 1599 2262 ostium
1640 2225 1810 2285 super
1837 2226 1897 2265 se
1925 2213 1983 2265 et
2022 2226 2190 2284 super
2215 2225 2489 2284 puerum:
2534 2214 2597 2266 et

1391 2283 1575 2341 oravit
1600 2285 1670 2342 ad
1701 2286 2027 2343 Dominum.
2126 2285 2204 2343 Et
2232 2286 2501 2357 ascendit,
2535 2292 2597 2344 et

1390 2362 1645 2421 incubuit
1677 2383 1845 2443 super
1884 2383 2156 2442 puerum:
2201 2364 2494 2442 posuitque
2534 2382 2596 2422 os

1389 2459 1553 2498 suum
1569 2460 1738 2520 super
1759 2462 1818 2500 os
1838 2445 1978 2521 ejus,
2000 2450 2059 2502 et
2076 2440 2258 2500 oculos
2277 2462 2401 2501 suos
2428 2462 2597 2522 super

1390 2519 1576 2577 oculos
1596 2522 1731 2599 ejus,
1760 2530 1820 2580 et
1846 2541 2043 2579 manus
2062 2540 2187 2578 suas
2208 2541 2376 2601 super
2396 2539 2596 2578 manus

1391 2598 1546 2676 ejus:
1592 2610 1653 2658 et
1697 2599 2008 2657 incurvavit
2047 2619 2107 2657 se
2146 2619 2314 2678 super
2354 2619 2501 2671 eum,
2537 2606 2598 2658 et

1389 2674 1658 2735 calefacta
1684 2685 1771 2735 est
1808 2696 1939 2735 caro
1976 2678 2154 2755 pueri.
2241 2678 2329 2736 At
2366 2676 2463 2736 ille
2502 2697 2593 2736 re-

1392 2774 1603 2826 versuS,
1657 2754 2036 2813 deambulavit
2092 2757 2152 2811 in
2205 2757 2377 2813 domo
2417 2753 2595 2814 semel

1391 2832 1502 2891 huc
1528 2844 1698 2911 atque
1719 2833 1882 2891 illuc:
1913 2842 1971 2891 et
1989 2833 2241 2891 ascendit
2261 2842 2320 2892 et
2339 2834 2595 2892 incubuit

1389 2931 1562 2990 super
1589 2932 1862 2990 puerum:
1898 2916 1966 2970 ‘et
2004 2911 2258 2970 oscitavit
2297 2932 2441 2990 puer
2466 2932 2597 2989 sep·

1392 2991 1521 3061 ties,
1560 2991 1891 3069 aperuitque
1927 2988 2111 3048 oculos
2151 3009 2294 3047 suos.
2377 2990 2467 3047 At
2498 2989 2595 3048 ille

1392 3069 1608 3127 vocavit
1638 3068 1819 3141 Giezi,
1850 3078 1909 3128 et
1934 3069 2085 3126 dixit
2106 3067 2155 3126 ei
2177 3090 2193 3139 ;
2226 3067 2385 3125 Voca
2413 3069 2596 3127 Suna-

1392 3148 1593 3205 mitem
1641 3145 1803 3205 hanc.
1901 3147 2042 3215 Quae
2097 3153 2291 3203 vocata
2342 3146 2595 3223 ingressa

1393 3234 1480 3283 est
1526 3226 1600 3283 ad
1647 3247 1796 3285 eum.
1878 3225 1983 3284 Cui
2027 3224 2140 3296 ait;
2196 3222 2355 3282 'I'olle
2407 3223 2592 3281 filium

1393 3313 1573 3363 tuum.
1659 3304 1844 3363 Venit
1870 3304 1985 3376 illa,
2007 3310 2067 3362 et
2085 3303 2298 3361 corruit
2321 3302 2394 3360 ad
2421 3303 2594 3380 pedes

1393 3382 1534 3461 ejus„
1563 3390 1623 3442 et
1647 3384 1901 3441 adoravit
1928 3403 2096 3462 super
2132 3390 2346 3440 terram
2367 3404 2385 3455 ;
2432 3380 2594 3440 tulit·

1392 3481 1501 3539 que
1525 3461 1704 3539 filium
1733 3482 1915 3534 suum,
1938 3473 1997 3520 et
2018 3481 2240 3540 egressa
2265 3471 2369 3520 est.
2427 3460 2598 3520 Heli-

1391 3560 1536 3599 saeus
1562 3561 1977 3600 veroreversus
2004 3549 2095 3599 est
2121 3540 2182 3597 in
2212 3538 2465 3617 Galgala.

1481 3618 1787 3677 Gradale.ss

1450 3694 1686 3779 Respice,
1704 3695 1946 3765 Domine,
1965 3695 2022 3747 in
2043 3700 2423 3749 testamentum
2440 3700 2598 3749 tuum

1389 3771 1447 3819 et
1481 3784 1691 3822 ammas
1726 3783 2021 3837 pauperum
2053 3772 2268 3820 tuorum
2293 3783 2363 3820 ne
2386 3766 2595 3821 oblivis-

1390 3837 1530 3890 caris
1553 3837 1613 3890 in
1636 3839 1818 3892 finem.

1406 3908 1464 3961 V.
1541 3908 1770 3979 Exurge,
1798 3906 2041 3976 Domine,
2080 3912 2136 3961 et
2164 3905 2355 3977 judica
2382 3924 2597 3962 causam

1394 3989 1424 4027 Β
1441 3996 1595 4044 tuam
1610 3990 1640 4028 h
1661 4011 1673 4044 :
1691 4007 1895 4045 memor
1908 3996 2021 4044 esto
2040 3990 2314 4061 opprobrii
2327 4008 2599 4047 servorum

1393 4066 1631 4115 tuorum.

1394 4240 1419 4268 θ
1454 4230 1492 4282 4
1515 4230 1647 4301 Reg.
1674 4246 1786 4301 cap.
1814 4228 1882 4282 iv.
1910 4228 1970 4283 Ε.
2000 4229 2073 4299 (v.
2099 4229 2319 4304 25-38.)

1398 4300 1417 4338 ¹
1447 4301 1588 4354 dixit
1611 4299 1835 4355 ei.—92.
1864 4298 1949 4354 97.
1978 4299 2064 4353 98.
2092 4299 2176 4355 57.

1396 4380 1425 4417 8
1462 4373 1548 4426 Ps.
1575 4371 1745 4424 lxxiii.
1774 4369 1960 4442 (lxxiv.
1979 4370 2066 4438 20,
2096 4370 2178 4439 19,
2207 4372 2320 4493 2213

1401 4442 1430 4478 ¹¹
1456 4442 1536 4496 ita
1562 4442 1644 4495 15.
1670 4440 1757 4495 dvc.
1788 4441 2142 4495 meam-97.
2172 4440 2258 4494 SR
2324 4484 2335 4494 .
