2975 5009
310 265 435 334 155
528 284 749 332 ΡΒΒΙΔ
796 282 1088 341 ΩΗΑΒΤΔ
1138 283 1479 335 QUA'rUOR
1527 282 1928 331 TEMPORUM
1976 282 2596 336 QUADRAGEsmAE.

296 449 357 499 et
390 449 512 500 esto
537 442 646 499 ibi:
688 440 943 518 daboque
968 440 1072 498 tibi
1113 439 1254 497 duas
1280 438 1499 497 tabulas

296 519 565 597 lapideae,
614 528 675 578 et
717 518 902 599 legem
943 538 1009 575 ac
1052 518 1319 575 mandata
1368 538 1500 595 quae

294 599 522 677 scripsi:
568 607 635 655 ut
661 597 860 656 doceas
888 595 1033 655 filios
1064 596 1263 655 Israel.
1360 597 1498 654 Sur-

294 684 571 735 rexerunt
608 676 843 752 Moyses
896 685 955 733 et
1006 675 1184 734 Josue
1237 675 1500 734 minister

292 755 448 892 2³35
469 754 1141 891 assignes
1242 763 1500 889 mstis

451 879 467 905 ,
993 877 1007 890 .

293 911 472 970 donec
520 919 875 969 revertamur
919 910 993 966 ad
1039 929 1153 966 vos.
1255 909 1498 968 Habetis

296 990 497 1047 Aaron
557 999 617 1046 et
669 987 805 1045 Hm·
870 989 1190 1046 vobiscum:
1258 988 1306 1044 si
1359 989 1497 1065 quid

295 1077 494 1125 natum
535 1065 709 1124 fuerit
747 1066 1096 1144 quaestioniS,
1137 1064 1399 1123 referetis
1423 1067 1497 1123 ad

294 1166 407 1204 eos,
513 1144 769 1222 Cumque
835 1144 1176 1201 ascendisset
1246 1143 1494 1219 Moyses,

293 1244 328 1281 o
402 1224 518 1280 ruit
564 1224 741 1279 nubes
794 1230 1068 1292 montem,
1113 1229 1173 1279 et
1218 1219 1498 1280 habitavit

330 1244 475 1359 ffiria
543 1301 773 1358 Domini
835 1321 1006 1379 super
1072 1301 1248 1370 Sinai,
1295 1308 1496 1378 tegens

336 1379 452 1437 lum
482 1380 631 1436 nube
652 1399 753 1437 sex
773 1378 1002 1437 diebus:
1030 1379 1277 1457 septimo
1300 1389 1494 1437 autem

291 1458 387 1516 die
429 1457 647 1515 vocavit
686 1477 815 1515 eum
875 1457 1151 1514 Dominus
1190 1458 1263 1515 de
1303 1458 1496 1515 medio

290 1535 560 1614 caliginis.
661 1535 805 1594 Erat
839 1545 1033 1594 autem
1059 1536 1269 1613 species
1295 1533 1494 1613 gloriae

290 1616 544 1685 Domini,
610 1616 769 1692 quasi
835 1615 984 1693 ignis
1049 1615 1256 1672 ardens
1324 1634 1496 1692 super

290 1696 562 1753 verticem
589 1694 801 1753 montis
828 1694 888 1750 in
915 1712 1046 1750 cons
1088 1703 1214 1751 ectu
1242 1690 1492 1749 filiorum

294 1773 489 1831 Israel.
566 1772 971 1850 Ingressusque
992 1771 1031 1827 li
1061 1791 1218 1845 oyses
1238 1771 1492 1828 medium

290 1850 531 1921 nebulae‚
562 1851 814 1908 ascendit
853 1850 913 1905 in
954 1858 1243 1907 montem:
1294 1857 1353 1908 et
1384 1847 1494 1906 fuit

289 1931 367 1987 ibi
406 1928 780 2008 quadraginta
807 1928 1008 1985 diebus
1035 1935 1094 1985 et
1119 1927 1494 2006 quadraginta

287 2010 560 2066 noctibus.

375 2097 681 2155 Gradale.¹’

357 2174 751 2229 Tribulationes
763 2171 935 2226 cordis
949 2170 1054 2225 mei
1073 2170 1316 2225 dilatatae
1334 2178 1488 2228 sunt:

286 2247 354 2299 de
377 2244 781 2299 necessitatibus
803 2242 936 2296 meis
953 2241 1097 2312 eripe
1120 2259 1221 2309 me,
1244 2241 1486 2297 Domine.

300 2317 358 2370 V.
432 2315 573 2368 Vide
590 2314 955 2367 humilitatem
974 2329 1150 2365 meam
1174 2318 1229 2365 et
1254 2313 1488 2367 laborem

284 2404 495 2441 meum:
521 2391 576 2438 et
598 2384 813 2437 dimitte
835 2383 1020 2437 omnia
1198 2388 1257 2436 ta
1282 2401 1413 2437 mea.

362 2456 505 2515 Non
523 2464 804 2533 repetatur
825 2454 1093 2525 Gradale,
1114 2454 1210 2511 sed
1227 2463 1490 2531 sequatur

286 2536 566 2596 Dominus
584 2535 882 2593 vobiscum.
941 2533 1265 2591 Flectamus
1280 2554 1484 2612 genua.

287 2616 519 2675 Lovate.

364 2704 584 2764 Oratio,

363 2783 739 2842 Devotionem
780 2779 971 2859 populi
1011 2780 1116 2852 tui,
1143 2801 1484 2858 quaesumus,

284 2862 551 2932 Domine,
567 2860 843 2939 benignus
869 2860 1102 2918 intende
1124 2880 1136 2916 ε
1166 2868 1231 2917 ut
1255 2860 1352 2937 qui
1381 2880 1485 2938 per

280 2940 684 2999 abstinentiam
732 2947 1090 2996 macerantur
1128 2939 1188 2995 in
1230 2957 1482 3017 corpore,

281 3040 387 3099 per
412 3017 656 3076 fructum
690 3018 821 3074 boni
848 3017 1032 3094 operis
1065 3016 1395 3074 reficiantur
1422 3017 1482 3073 in

284 3106 496 3156 mente.
579 3095 692 3154 Per
713 3096 1044 3153 Dominum.

359 3176 480 3233 Hic
506 3175 777 3232 dicuntur
801 3173 1103 3234 Memoriae
1129 3179 1410 3229 consuetae.

360 3253 553 3312 Lectio
582 3252 720 3310 libri
744 3252 1010 3326 Reyum.e

361 3331 437 3389 In
489 3332 687 3389 diebus
739 3329 868 3399 illis,
925 3327 1109 3386 Venit
1162 3325 1361 3386 Helias
1414 3329 1475 3384 in

280 3410 564 3469 Bersabee
590 3408 632 3467 J
634 3409 761 3477 uda,
799 3415 859 3465 et
884 3406 1101 3463 dimisit
1127 3405 1205 3462 ibi
1233 3427 1475 3484 puerum

278 3509 460 3561 suum,
498 3496 558 3547 et
593 3485 851 3565 perrexit
890 3484 949 3540 in
991 3485 1296 3554 desertum,
1326 3485 1476 3541 viam

277 3568 443 3625 unius
486 3566 619 3624 diei.
703 3562 959 3640 Cumque
1007 3562 1250 3620 venisset
1289 3570 1350 3621 et
1388 3583 1475 3620 se-

277 3646 441 3704 deret
465 3646 662 3702 subter
688 3661 860 3699 unam
893 3640 1242 3718 juniperum,
1272 3640 1476 3718 petivit

275 3726 483 3782 animae
550 3740 667 3780 suae
731 3728 797 3778 ut
861 3726 1195 3788 moreretur,
1251 3727 1310 3775 et
1355 3718 1474 3789 ait;

276 3801 503 3864 Sufficit
543 3797 705 3869 mihi,
755 3796 1012 3865 Domine,
1054 3794 1188 3853 tolle
1227 3796 1474 3853 animam

274 3901 494 3940 meam:
525 3897 708 3956 neque
736 3875 888 3934 enim
914 3873 1115 3932 melior
1139 3893 1283 3944 sum,
1305 3893 1474 3951 quam

274 3971 464 4038 patres
503 3958 635 4015 mei.
720 3954 1075 4031 Projecitquc
1101 3972 1161 4010 se
1189 3961 1247 4011 et
1273 3953 1474 4010 obdor-

274 4038 438 4096 mivit
503 4037 564 4092 in
623 4035 826 4092 umbra
882 4031 1170 4110 juniperi:
1239 4039 1298 4089 et
1350 4051 1476 4090 ecce

273 4114 533 4195 Angelus
563 4111 792 4170 Domini
821 4110 1013 4189 tetigit
1040 4131 1189 4178 eum,
1216 4108 1474 4187 dixitque

269 4194 390 4265 illi;
441 4194 640 4271 Surge,
681 4189 929 4249 comede.
1012 4188 1091 4248 Et
1118 4189 1387 4267 respexit,
1416 4195 1477 4247 et

268 4356 295 4385 ⁸
334 4344 709 4401 Domini—92.
739 4343 821 4397 94.
853 4343 936 4398 98.

264 4419 292 4455 b
329 4417 416 4471 Ps.
443 4416 588 4471 xxiv.
616 4418 762 4485 (xxv.
791 4415 875 4482 17,
907 4414 1013 4486 18.)

262 4499 287 4526 ⁶
327 4488 359 4539 3
385 4487 513 4556 Reg.
539 4504 651 4558 cap.
679 4486 788 4540 xix.
818 4487 886 4538 A.
916 4485 985 4556 (v.
1017 4484 1162 4551 3-8.)

2710 271 2846 333 156

1609 459 1736 498 ecee
1755 438 1828 496 ad
1854 449 2024 517 oeput
2051 459 2215 496 suum
2243 441 2644 499 subcinericius
2671 443 2844 519 panis

1610 526 1672 576 et
1697 537 1792 574 vas
1817 538 2013 595 aquae:
2041 518 2292 577 comedit
2319 539 2457 596 ergo
2481 528 2542 577 et
2571 521 2754 592 bibit,
2783 533 2843 579 et

1610 616 1838 653 rursum
1866 597 2224 654 obdormivit.
2309 598 2717 677 Reversusque
2751 609 2842 658 eet

1612 674 1875 753 Angelus
1925 674 2154 732 Domini
2201 676 2467 747 secundo,
2517 687 2580 735 et
2631 678 2842 756 tetigit

1610 771 1741 810 eum
1781 753 2045 829 dixitque
2098 752 2228 824 illi3
2285 755 2487 832 Surge,
2551 756 2800 814 comede
2822 780 2839 815 ε

1610 830 1845 908 grandis
1887 833 2044 888 enim
2098 832 2208 890 tibi
2260 841 2442 892 restat
2483 834 2597 890 via.
2717 834 2841 902 Qui

1609 929 1740 966 cum
1767 910 2128 981 surrexisset,
2168 911 2416 969 comedit
2456 918 2520 970 et
2560 912 2737 983 bibit,
2782 923 2842 971 et

1607 986 1918 1047 ambulavit
1971 988 2031 1044 in
2088 987 2428 1047 fortitudine
2494 991 2608 1048 cibi
2680 991 2843 1050 illius

1608 1067 1984 1144 quadraginta
2002 1067 2202 1125 diebus
2219 1076 2282 1125 et
2297 1068 2684 1146 quadraginta
2701 1090 2843 1128 noc-

1607 1145 1776 1213 tibus,
1808 1165 1985 1223 usque
2010 1146 2084 1203 ad
2111 1155 2368 1203 montem
2397 1146 2511 1203 Dei
2543 1148 2783 1207 Horeb.

1693 1222 1908 1280 Chorus
1934 1224 2262 1281 alternatim
2287 1224 2447 1282 dicat
2475 1226 2824 1284 Tractum.¹¹

1681 1299 1760 1352 De
1783 1301 2192 1354 neoaesitatibus
2229 1302 2362 1355 meis
2396 1301 2546 1373 eripe
2583 1321 2695 1372 me,
2730 1305 2840 1359 Do·

1607 1368 1778 1424 mine:
1799 1371 1919 1425 vide
1937 1371 2305 1425 humilitatem
2321 1389 2498 1426 meam
2516 1380 2573 1426 et
2588 1373 2844 1429 laborem

1607 1457 1789 1493 meum
1812 1462 1823 1494 :
1861 1449 1916 1495 et
1940 1442 2158 1496 dimitte
2180 1443 2364 1496 omnia
2389 1451 2610 1513 peccata
2635 1463 2789 1501 mea.

1619 1510 1679 1564 V.
1755 1513 1845 1564 Ad
1864 1519 1959 1567 tec
1982 1513 2155 1566 levavi
2174 1514 2416 1567 animam
2438 1532 2648 1568 meam:
2685 1517 2844 1571 Deus

1606 1598 1772 1648 mem,
1822 1584 1882 1635 in
1943 1590 1998 1637 te
2055 1585 2279 1650 confido,
2331 1602 2443 1637 non
2493 1587 2842 1658 erubescam,

1606 1669 1781 1722 neque
1806 1654 2067 1708 irrideant
2091 1672 2178 1708 me
2203 1654 2412 1708 inimici
2438 1656 2564 1710 mei.

1619 1723 1677 1776 V.
1751 1725 1968 1777 Etenim
2009 1726 2245 1779 universi
2292 1726 2387 1794 qui
2437 1733 2494 1780 te
2529 1734 2843 1798 expectant

1604 1810 1713 1846 non
1738 1795 2171 1848 confundentur:
2204 1796 2614 1851 confundantur
2636 1817 2844 1854 omnae

1601 1863 1860 1919 fiscientes
1881 1883 2040 1920 vana.

1687 1935 1769 1992 Et
1820 1938 2037 1995 dicitur
2089 1938 2191 1995 iste
2245 1937 2487 1996 Tractus
2537 1940 2609 1997 in
2665 1944 2841 2001 omni

1603 2023 1809 2090 quarta
1848 2014 2030 2089 feria,
2085 2037 2255 2092 usque
2307 2017 2387 2074 ad
2438 2018 2838 2079 Dominicam

1605 2091 1967 2150 Palmamm.

1642 2171 2038 2246 Evanyelium.
2084 2170 2405 2230 Secundum
2425 2172 2842 2235 matthaeum!
2897 2229 2900 2236 .

1681 2248 1754 2306 In
1807 2248 1903 2306 illo
1955 2259 2233 2329 tempore,
2303 2251 2696 2312 Accaeserunt
2763 2258 2835 2314 ad

1598 2327 1798 2385 Jesum
1827 2328 2040 2387 Scribae
2080 2337 2142 2386 et
2183 2328 2479 2401 Pharisaei,
2521 2330 2840 2407 dicentes3

1601 2406 1900 2483 Magister,
1931 2407 2185 2464 volumus
2210 2428 2246 2465 a
2270 2416 2329 2466 te
2347 2409 2575 2486 signum
2606 2411 2834 2471 videre.

1605 2483 1719 2551 Qui
1764 2485 2111 2563 respondens
2156 2487 2238 2544 ait
2289 2486 2400 2543 illis
2420 2510 2437 2558 3
2497 2488 2835 2550 Generatio

1601 2562 1750 2619 mala
1790 2571 1846 2621 et
1892 2563 2153 2621 adultera
2190 2564 2415 2642 signum
2456 2568 2724 2643 quaerit3
2775 2581 2834 2629 et

1598 2641 1825 2718 signum
1873 2662 1986 2699 non
2032 2642 2263 2700 dabitur
2303 2644 2375 2714 ei,
2417 2645 2533 2701 nisi
2581 2645 2830 2724 signum

1600 2717 1769 2777 Jonae
1833 2718 2149 2799 prophetae.
2259 2721 2419 2781 Sicut
2484 2722 2643 2781 enim
2720 2724 2833 2785 fuit

1596 2795 1775 2856 Jonas
1816 2799 1876 2855 in
1909 2809 2109 2857 ventre
2135 2800 2243 2857 ceti
2284 2799 2467 2858 tribus
2504 2801 2727 2861 diebus
2770 2815 2830 2864 et

1599 2876 1780 2933 tribus
1797 2876 2077 2947 noctibus;
2106 2878 2188 2934 ita
2204 2877 2315 2934 erit
2334 2877 2512 2937 Filius
2533 2879 2829 2940 Hominis

1597 2953 1658 3009 in
1685 2955 1854 3013 corde
1887 2962 2060 3013 terrae
2101 2956 2282 3013 tribus
2308 2956 2507 3015 diebus
2534 2965 2595 3015 et
2621 2962 2827 3020 tribus

1597 3034 1874 3091 noctibus.
1959 3033 2095 3091 Viri
2136 3033 2417 3092 Ninivitae
2458 3048 2715 3113 surgent
2763 3043 2826 3098 in

1587 3110 1803 3186 judicio
1841 3132 1969 3169 cum
2004 3112 2373 3189 generatione
2406 3113 2534 3185 ista,
2571 3123 2631 3173 et
2680 3139 2829 3176 con-

1595 3188 1949 3247 demnabunt
2002 3210 2159 3248 eam:
2214 3191 2348 3267 quia
2399 3191 2825 3269 poenitentiam

1594 3278 1832 3344 egerunt
1888 3269 1949 3324 in
2007 3268 2410 3347 praedicatione
2465 3270 2686 3345 Jonae3
2764 3288 2829 3336 et

1592 3365 1717 3404 ecce
1767 3345 1893 3424 plus
1938 3366 2107 3424 quam
2154 3346 2335 3404 Jonas
2382 3346 2494 3405 hic.
2579 3348 2829 3431 Regina

1589 3425 1766 3483 austri
1812 3434 2006 3503 surget
2044 3425 2104 3481 in
2142 3424 2359 3501 judicio
2394 3445 2524 3484 cum
2563 3447 2828 3506 genera..

1589 3501 1743 3561 tione
1783 3503 1908 3572 ista,
1939 3510 1998 3561 et
2021 3503 2422 3560 condemnabit
2448 3525 2575 3562 eam
2600 3527 2615 3563 z
2677 3513 2827 3586 quia.

1589 3581 1748 3639 venit
1787 3602 1823 3638 a
1864 3581 2070 3639 finibus
2115 3589 2289 3639 terrae
2336 3583 2534 3640 audire
2577 3588 2825 3663 sapien-

1589 3656 1728 3715 tiam
1772 3657 2123 3728 Salomonis3
2179 3667 2239 3717 et
2285 3679 2410 3717 ecce
2459 3661 2585 3738 plus
2628 3683 2820 3741 quam

1591 3736 1856 3796 Salomon
1885 3737 1995 3795 hic.
2076 3736 2219 3797 Cum
2248 3745 2440 3795 autem
2474 3741 2819 3804 immundus

1588 3815 1819 3892 spiritus
1871 3815 2079 3874 exierit
2129 3817 2201 3872 ab
2254 3814 2508 3887 homine,
2549 3822 2822 3882 ambulat

1589 3913 1692 3970 per
1711 3892 1830 3951 lom.
1848 3895 2008 3950 arida
2027 3913 2284 3970 quaerens
2304 3896 2581 3971 requiem,
2604 3906 2665 3955 et
2688 3919 2818 3959 non

1589 3972 1826 4029 invenit.
1933 3973 2093 4029 Tunc
2145 3971 2314 4030 dicit:
2387 3973 2676 4034 Revertar
2748 3980 2815 4039 in

1588 4049 1818 4106 domum
1862 4070 2068 4121 meam,
2111 4050 2263 4108 unde
2315 4052 2487 4108 exivi.
2572 4053 2650 4112 Et
2709 4076 2820 4117 ve-

1590 4128 1751 4185 niens
1804 4128 2022 4186 invenit
2073 4148 2200 4186 eam
2247 4138 2562 4203 vacantem,
2617 4137 2816 4214 scopis

1589 4206 1938 4277 mundatam,
1973 4215 2033 4264 et
2059 4214 2337 4264 ornatam.
2419 4207 2582 4267 Tunc
2618 4215 2817 4287 vadit,

1588 4331 1618 4370 ‘¹
1655 4332 1740 4386 Ps.
1768 4332 1911 4388 xxiv.
1940 4332 2086 4401 (xxv.
2117 4334 2199 4402 17,
2228 4333 2312 4402 18,
2344 4334 2471 4407 1-4)

1588 4413 1611 4440 e
1653 4404 2033 4458 Domine—97.
2062 4404 2195 4457 55P.
2222 4404 2382 4458 Grad.

1591 4473 1609 4510 ¹
1641 4492 1754 4543 cap.
1782 4475 1873 4526 xii.
1902 4475 1958 4527 O.
1990 4475 2060 4543 (v.
2091 4474 2308 4545 38-50.)
