2975 5009
314 238 447 303 563

401 407 879 469 PostcommuniO.

402 489 570 561 Haec,
597 507 939 567 quaesumus,
966 485 1236 559 Domine,
1263 485 1528 546 salutaris
1639 486 1925 567 quillitate
1948 488 2064 547 Eoo

1129 249 1510 301 SPECULUR
1547 249 1918 300 sACERDo'r
1929 250 2026 300 UH
2037 285 2050 298 .

2723 236 2844 300 564

1637 409 1967 468 diuturnam
1989 416 2050 468 et
2063 427 2400 546 prosperam
2419 408 2600 468 vitam
2616 406 2679 465 in
2695 415 2844 467 tran·

2086 488 2359 546 esiasticae
2381 487 2537 565 pacis
2558 486 2842 558 obtineat3

322 568 661 628 sacramenti
704 566 995 646 perceptio
1038 564 1315 624 famulum
1363 574 1529 624 tuum
1643 575 1704 626 et
1743 574 1872 643 post
1897 565 2067 644 hujus
2092 567 2228 626 vitae
2256 567 2561 625 decursum
2588 566 2665 624 ad
2689 573 2846 625 aeter-

324 647 646 708 Henricum
684 645 988 723 septimum
1031 664 1227 724 regem
1270 652 1531 702 nostrum
1644 664 1780 703 nam
1822 644 2237 704 beatitudinem
2286 653 2388 704 tua
2422 645 2616 724 gratia
2661 663 2844 722 coope-
2938 653 2939 656 ’

326 726 399 784 ab
426 724 686 784 omnibus
714 731 941 783 tueatur
967 723 1232 797 adversis,
1253 731 1534 801 quatenus
1647 731 1815 782 rante
1841 724 2191 803 perveniat.a

430 1000 831 1077 Instructio
883 1000 1321 1072 sacerdotum
1370 1000 1472 1071 vel
1524 998 1904 1094 Speculum
1952 998 2412 1075 Sacerdotmn
2463 1001 2757 1073 missam

1320 1099 1654 1172 celebrare
1686 1100 2080 1173 volentium.

337 1287 536 1349 Primo
562 1293 692 1344 ante
711 1284 944 1343 missam
963 1283 1218 1342 habenda
1238 1290 1369 1342 stmt
1395 1283 1534 1356 tria,

418 1364 762 1423 Intentionis
787 1362 1076 1435 discussio,

414 1441 711 1503 Generalis
737 1441 1024 1515 contritio,

415 1524 496 1583 Et
528 1541 672 1601 pura
695 1518 988 1580 confessio.

337 1600 681 1661 Imentionis
705 1598 977 1657 discussio

415 1679 479 1740 N
481 1699 512 1739 e
534 1686 770 1758 propter
791 1696 993 1735 vanam
1011 1673 1253 1755 gloriam
1275 1672 1542 1747 celebret,

418 1757 513 1817 Ne
539 1765 776 1837 propter
802 1755 1196 1815 verecundiam
1224 1753 1492 1824 celebret,

423 1837 520 1896 Ne
572 1844 810 1915 propter
860 1833 1096 1913 alicujus
1152 1852 1412 1911 personae
1462 1830 1549 1889 fa-

500 1935 692 1974 vorem
719 1912 984 1983 celebret,

419 1994 515 2054 Ne
548 2001 785 2073 propter
816 1990 1037 2050 lucrum
1064 1987 1382 2068 temporale
1408 1986 1553 2048 cele·

496 2075 646 2143 bret,

420 2150 515 2211 Ne
535 2157 774 2229 propter
793 2145 1264 2206 consuetudinem
1284 2144 1551 2204 celebret.

352 2228 653 2288 Generalis
680 2226 944 2284 contritio

421 2307 513 2366 De
541 2304 760 2364 omissis
779 2304 942 2361 bonis
958 2321 1086 2379 quae
1113 2298 1301 2360 facere
1326 2299 1548 2359 debuit.

422 2384 500 2443 Et
554 2384 626 2442 de
678 2380 992 2441 commissis
1038 2380 1207 2439 corde
1263 2380 1437 2439 verbo
1489 2388 1552 2438 et

501 2480 689 2541 opere.

344 2542 511 2600 Pura
538 2536 801 2615 confessio

420 2620 484 2678 N
486 2617 777 2679 otabilium
821 2616 1124 2675 criminum
1172 2621 1435 2674 notorum
1492 2620 1551 2672 et

503 2699 850 2777 ignotorum.

347 2778 428 2836 In
456 2777 629 2835 missa
653 2776 729 2834 sit

428 2856 545 2916 Dili
588 2875 688 2915 ens
714 2854 862 2913 circa
885 2850 1110 2911 locum:

503 2936 523 2992 i
580 2941 666 2994 est
680 2941 747 2992 ut
765 2928 1211 3067 reciperglpossit
1224 2935 1549 3004 utrumque.

428 3013 776 3092 Diligentior
799 3010 948 3069 circa
1060 3009 1201 3066 icem
1224 3029 1240 3067 ε

506 3112 581 3151 ne
608 3091 684 3150 sit
708 3089 922 3148 fractus
948 3087 1038 3147 vel
1064 3091 1377 3165 reparatus.

430 3168 909 3249 Diligentissimus
935 3166 1083 3225 circa
1108 3164 1408 3225 materiam
1430 3183 1446 3222 z

508 3269 583 3308 ne
648 3246 834 3307 hostia
898 3246 974 3305 sit
1026 3252 1313 3323 corrupta,
1359 3241 1556 3299 vinum

509 3334 813 3398 acetosum,
840 3333 941 3384 aut
966 3325 1116 3384 desit
1140 3342 1305 3400 aqua.

355 3407 435 3465 In
460 3426 668 3465 canone
693 3405 769 3463 sit
793 3403 1098 3479 diliyentia

437 3485 654 3577 Magna
671 3483 734 3541 in
754 3481 949 3561 signis,
968 3489 1036 3538 ut
1054 3476 1350 3567 humiliter
1368 3474 1557 3568 faciat.

436 3563 631 3642 Major
671 3561 731 3617 in
760 3558 964 3629 verbis,
992 3564 1058 3615 ut
1085 3564 1361 3614 verac1ter
1387 3554 1559 3612 d1cat.

437 3640 701 3701 Maxima
724 3638 783 3695 in
805 3635 1147 3705 intentione,
1167 3643 1235 3694 ut
1253 3633 1425 3690 firma
1443 3632 1561 3691 fide

518 3735 845 3779 consecrare
868 3712 1153 3772 intendat.

362 3800 441 3858 In
470 3794 873 3856 consecratione
897 3790 1096 3848 habeat

442 3876 563 3936 Dili
603 3872 815 3932 entiam
835 3871 908 3928 ad
927 3866 1343 3927 conficiendum
1360 3884 1565 3946 corpus

520 3954 570 4015 C
611 3949 755 4022 risti,

445 4028 855 4092 Reverentiam
883 4026 957 4085 ad
983 4024 1337 4104 tangendum
1365 4042 1568 4103 corpus

528 4106 764 4181 Christi,

448 4187 828 4249 Devotionem
869 4185 944 4245 ad
985 4183 1325 4244 sumendum
1369 4199 1571 4260 corpus

527 4265 762 4328 Christi.

372 4428 398 4457 ⁸
434 4435 499 4471 ex
525 4417 624 4472 SV.
650 4415 964 4472 desumitur.

1649 1283 1730 1344 In
1770 1282 2048 1360 tanyendo
2090 1303 2289 1361 empus
2338 1282 2569 1343 Christi
2603 1283 2679 1341 sit
2713 1293 2841 1341 reve-
2942 1241 2943 1260 1

1729 1362 1916 1420 rentia

1730 1440 1952 1519 Magna
1996 1449 2232 1519 propter
2283 1439 2695 1498 continentiam
2737 1447 2840 1499 tam

1811 1516 2139 1578 excellentis
2165 1518 2416 1597 corporis
2442 1518 2680 1579 Christi.

1732 1596 1924 1675 Major
1953 1605 2225 1733 upropter
2277 1597 2690 1656 continentiam
2738 1605 2838 1655 tam

1814 1695 1953 1735 exce
1997 1684 2148 1736 entls
2173 1675 2386 1734 animas
2412 1674 2654 1735 Christi.

1737 1753 2000 1812 Maxima
2039 1766 2274 1832 propter
2305 1754 2714 1813 continentiam
2736 1761 2837 1812 tam

1818 1831 2149 1891 excellentis
2174 1831 2492 1891 divinitatis
2518 1832 2745 1893 Christi.

1666 1910 1824 1984 Quid
1848 1911 1917 1969 in
1941 1910 2308 1969 consecrando
2333 1911 2583 1968 intendit
2590 1910 2782 1988 facere

1745 1992 1934 2049 Deum
1961 2009 2064 2068 per
2090 1989 2349 2048 lacrimas
2374 1988 2580 2048 colere.

1745 2068 2001 2127 Mortem
2027 2067 2243 2127 Christi
2271 2087 2612 2127 memorare.

1745 2149 1949 2207 Totam
1977 2145 2266 2207 ecclesiam
2292 2146 2566 2205 adunare.
2948 2157 2949 2204 ἱ

1670 2225 1828 2299 Quid
1851 2226 1919 2283 in
1937 2223 2304 2283 consecrando
2324 2224 2573 2282 intendit
2591 2220 2836 2299 consequi.

1743 2305 2138 2384 Augmentum
2165 2302 2500 2361 dilectionis.

1742 2379 2292 2462 Inseparabilitatem
2322 2381 2566 2440 unionis.

1745 2460 2239 2521 Accelerat-ionem
2265 2459 2568 2518 fruitionis.

1669 2540 1761 2602 Sit
1812 2539 2048 2599 humilis
2100 2538 2284 2597 oratio
2329 2538 2397 2597 in
2440 2539 2650 2617 primo,
2691 2542 2737 2594 et
2781 2534 2839 2590 in
2950 2547 2951 2590 ῑ

1741 2618 1978 2679 secundo
2004 2625 2290 2689 memenw,

1744 2699 1843 2758 Ne
1869 2709 1990 2756 tam
2017 2695 2284 2774 indignus
2311 2694 2575 2755 minister

1822 2774 2058 2853 indigne
2084 2773 2321 2852 recipiat

1820 2862 1943 2914 tam
1971 2852 2365 2931 dignissimum
2394 2851 2741 2929 mysterium.

1745 2934 1809 2995 N
1813 2954 1843 2993 e
1871 2942 1992 2991 tam
2019 2930 2320 2990 indevotus
2345 2933 2644 3009 presbyter

1822 3019 1944 3069 tam
1963 3009 2344 3089 justissimum
2365 3009 2618 3088 judicem
2643 3007 2815 3066 flectat

1824 3091 1886 3148 in
1915 3109 2078 3148 suum
2097 3088 2395 3167 judicium.

1750 3169 1848 3229 Ne
1875 3176 1993 3226 tam
2015 3166 2345 3226 immundus
2369 3166 2576 3246 hospes

1825 3257 1948 3307 tam
2000 3244 2538 3306 excellentissimum
2590 3242 2836 3323 hospitem

1904 3345 1941 3383 a
1965 3344 2028 3385 se
2054 3322 2296 3403 repellat

1827 3402 2009 3464 fetore
2035 3403 2359 3462 criminum.

1754 3482 1836 3543 Et
1861 3491 1926 3541 ut
1954 3501 2084 3542 eum
2120 3479 2402 3540 Dominus

1828 3560 2111 3640 piissimus
2138 3558 2341 3638 partici
2382 3579 2475 3617 em
2501 3557 2664 3618 faciat

1830 3639 2137 3699 electorum
2166 3578 2542 3696 sacerdotum.
2809 3707 2819 3719 .

1673 3719 1755 3777 In
1791 3718 1982 3796 primo
2006 3724 2276 3774 memento
2304 3736 2418 3793 pro
2442 3737 2500 3775 se
2525 3725 2698 3795 etpro
2719 3710 2838 3770 vim

1754 3804 1869 3855 oret

1757 3875 1850 3935 Ut
1872 3841 1991 3933 'sint
2027 3872 2333 3963 participes

1835 3953 1986 4012 tanti
2011 3952 2290 4029 mysterii.

1760 4031 2071 4092 Auditores
2097 4029 2315 4089 habiles

1839 4110 2136 4169 missarum
2164 4106 2447 4167 beneficii.

1761 4190 2196 4267 contemptores
2220 4184 2466 4244 humiles

1843 4267 2159 4326 vanitatum
2196 4264 2413 4325 mundi.
