2975 5009
281 219 412 286 575

280 410 419 451 num
459 391 586 452 coeli
626 397 687 452 et
725 397 920 466 terrae,
947 393 1134 455 nudus
1172 394 1246 454 ad
1285 414 1483 475 regem

278 469 495 550 gloriae,
525 470 643 531 ovis
682 470 757 530 ad
796 480 1107 551 pastorem,
1143 474 1484 553 figmentum

278 550 352 607 ad
379 568 544 607 suum
565 558 900 622 creatorem,
920 550 1200 610 desolatus
1227 552 1299 609 ad
1328 553 1482 629 pium

278 627 708 700 consolatorem,
738 629 911 687 miser
936 630 1009 688 ad
1045 631 1488 701 misericordem,

278 706 611 765 criminosus
626 706 697 765 ad
718 706 898 765 veniae
917 705 1264 786 largitorem,
1281 707 1492 787 impius

278 784 353 844 ad
380 784 840 863 justificatorem,
867 786 1165 847 induratus
1190 788 1262 845 ad
1289 787 1492 865 gratiae

280 863 613 934 infusorem,
661 883 865 943 rogans
918 864 1213 925 immensae
1268 865 1489 924 miseri·

280 942 489 1001 cordiae
536 950 654 1001 tuse
699 942 1152 1017 abundantiam;
1208 952 1489 1023 quatenus

283 1040 471 1079 meam
519 1019 771 1099 digneris
818 1041 1018 1080 sanare
1065 1022 1489 1094 infirmitatem,

284 1097 473 1158 lavare
519 1098 855 1172 foeditatem,
899 1099 1221 1161 illuminare
1268 1102 1490 1160 caecita-

284 1185 427 1249 tem,
448 1176 633 1236 ditare
661 1186 1076 1256 paupertatem,
1097 1180 1305 1239 vestire
1327 1179 1492 1238 nudi·

284 1264 487 1326 tatem,
531 1256 803 1316 reducere
856 1264 1166 1331 errantem,
1214 1258 1492 1317 consolari

283 1332 619 1405 desolatum,
666 1334 1029 1395 reconciliare
1070 1356 1252 1408 reum,
1297 1356 1492 1415 pecca-

284 1414 398 1472 tori
415 1412 553 1471 dare
571 1413 814 1484 veniam,
833 1413 1042 1473 misero
1056 1414 1490 1494 indulgentiam,

285 1491 589 1550 criminoso
641 1493 839 1563 vitam,
893 1501 1119 1552 mortuo
1164 1492 1489 1572 justificati-

286 1589 483 1642 onem;
513 1577 578 1627 ut
598 1577 678 1642 te,
696 1590 900 1650 panem
924 1571 1273 1649 angelorum,
1295 1591 1487 1652 regem

284 1668 486 1726 regum
514 1657 574 1706 et
608 1648 902 1706 dominum
935 1649 1373 1724 dominantium,
1400 1670 1488 1708 re-

286 1726 472 1805 cipere
506 1746 727 1785 merear
754 1747 821 1785 ea
858 1729 1108 1807 corporis
1133 1729 1392 1788 castitate
1432 1736 1494 1788 et

284 1805 463 1863 animi
510 1805 775 1882 puritate,
815 1824 883 1864 ea
922 1807 1105 1865 cordis
1150 1808 1490 1866 contritione

288 1892 349 1944 et
386 1883 764 1960 lacrymarum
790 1882 965 1957 fonte,
993 1905 1062 1944 ea
1099 1885 1302 1945 laetitia
1326 1885 1490 1965 spiri·

287 1961 428 2020 tuali
465 1971 525 2020 et
563 1961 774 2022 coelesti
812 1964 1037 2039 gaudio,
1079 1983 1148 2023 eo
1191 1964 1394 2023 timore
1430 1970 1492 2022 et

287 2049 557 2112 tremore,
600 2060 668 2102 ea
706 2043 1030 2101 reverentia
1055 2052 1115 2102 et
1154 2041 1390 2115 honore,
1424 2062 1494 2101 ea

288 2118 406 2178 fide
461 2128 522 2178 et
573 2118 916 2191 humilitate,
971 2140 1038 2179 eo
1090 2122 1380 2199 proposito
1432 2130 1494 2180 et

285 2217 501 2269 amore,
556 2218 623 2258 ea
687 2198 986 2257 devotione
1054 2209 1113 2257 et
1247 2199 1490 2257 atiarum

287 2277 530 2347 actione,
572 2276 774 2352 quibus
814 2285 1042 2354 oportet
1088 2284 1146 2335 et
1228 2286 1369 2349 ecet,
1410 2278 1495 2340 ita

290 2362 355 2411 ut
393 2354 573 2432 prosit
610 2352 750 2410 mihi
782 2353 855 2411 ad
893 2354 1067 2411 vitam
1107 2361 1404 2426 aeternam‚
1432 2365 1494 2416 et

287 2432 349 2491 in
398 2432 786 2492 remissionem
835 2432 1088 2491 omnium
1136 2444 1492 2511 peccatorum

289 2530 565 2571 meorum.
648 2511 893 2569 Amen?

395 2661 568 2735 Alia
625 2660 893 2736 Oratio,

375 2760 627 2821 Obsecro
664 2771 743 2830 te,
770 2761 1022 2840 piissime
1060 2760 1307 2821 Domine
1349 2761 1393 2821 J
1395 2782 1492 2822 esu

289 2839 540 2912 Christe,
593 2848 659 2898 ut
724 2859 829 2918 per
883 2839 1087 2899 merita
1153 2841 1493 2901 beatissimae

294 2919 529 2998 virginis
555 2917 762 2977 Mariae
782 2919 983 2978 matris
1004 2927 1119 2978 tuae
1147 2928 1207 2978 et
1233 2920 1489 2979 omnium

292 3008 617 3058 sanctorum
636 3007 694 3056 et
709 3008 1030 3057 sanctarum
1047 3010 1271 3057 tuarum
1290 2998 1493 3057 doceas

294 3096 406 3147 me,
455 3084 515 3135 et
567 3076 867 3154 permittas
912 3096 1040 3135 cum
1095 3085 1259 3136 tanta
1308 3077 1494 3135 cordis

294 3154 547 3233 puritate
613 3156 934 3234 mentisque
1000 3156 1301 3228 munditia,
1363 3176 1490 3214 cum

294 3242 459 3292 tanta
487 3233 788 3293 devotione
815 3245 871 3294 et
913 3236 1250 3306 reverentia,
1275 3234 1348 3293 ad
1374 3243 1493 3293 tam

297 3310 555 3370 mirabile
582 3322 996 3372 sacramentum
1026 3314 1273 3393 corporis
1294 3322 1354 3372 et
1371 3332 1497 3371 san·

297 3391 485 3468 guinis
530 3390 615 3448 tui
657 3392 940 3464 accedere,
980 3403 1194 3468 quanta
1230 3392 1394 3450 decet
1431 3399 1494 3450 et

299 3469 536 3548 expedit
574 3470 781 3527 animae
823 3490 1002 3539 meae3
1045 3470 1269 3539 sentiat,
1297 3471 1498 3547 benig-

299 3548 531 3607 nissime
594 3548 840 3607 Domine
905 3548 948 3606 J
951 3567 1048 3605 esu
1102 3546 1346 3618 Christe,
1400 3568 1499 3606 cor

301 3646 492 3686 meum
540 3623 894 3683 dulcedinem
942 3626 1122 3683 beatae
1174 3627 1497 3702 praesentiae

300 3714 417 3765 tuae
440 3726 455 3776 ;
499 3703 573 3762 sit
598 3703 772 3761 totius
792 3703 903 3761 mei
925 3701 1210 3781 languoris
1230 3703 1499 3780 spiritalis

344 3782 603 3862 urgati03
645 3782 720 3838 sit
760 3779 1033 3839 scelerum
1062 3801 1316 3839 meorum
1359 3782 1383 3814 ὓ
1403 3786 1500 3841 ab·

302 3804 443 3920 futio
464 3861 528 3932 ὓς
572 3859 647 3917 sit
674 3858 813 3915 mihi
855 3867 1051 3917 contra
1076 3860 1302 3918 infinita
1334 3859 1503 3940 hujus

304 3940 502 3998 mundi
522 3936 770 4017 pericula
784 3939 1076 4016 protectio.
1129 3939 1339 3999 Gustet
1354 3961 1503 3998 nunc

300 4019 493 4077 anima
532 4036 659 4075 mea
695 4035 862 4094 quam
893 4018 1076 4076 suavis
1108 4038 1185 4090 eS,
1214 4018 1502 4091 Domine3

239 4090 246 4103 ’
301 4105 368 4156 ut
415 4106 474 4155 te
519 4104 760 4175 gustato,
808 4096 993 4154 omnis
1037 4098 1107 4156 ab
1155 4118 1222 4156 ea
1266 4096 1505 4155 carnalis

301 4173 556 4253 voluptas
573 4174 840 4233 discedat.
895 4175 948 4235 O
961 4177 1123 4255 panis
1139 4175 1504 4249 delectabiliS,

301 4254 354 4314 O
373 4253 606 4313 refectio
628 4253 812 4314 vitalis
832 4276 848 4316 z
883 4254 935 4317 Ο
953 4276 1078 4320 esca
1096 4255 1503 4329 desiderabilis,

297 4381 328 4411 ⁸
363 4389 429 4427 ex
455 4371 540 4426 26.
567 4371 881 4427 desumitur.

297 4444 325 4483 ὓ
362 4442 868 4501 absolutio.-4PV.

1069 234 1486 288 ORA'NONES
1517 237 1714 288 anm
1748 236 2036 287 ΜῙΒΒΑΜ.

2688 218 2817 286 576

1600 395 1653 454 O
1674 394 1906 474 epulum
2005 391 2219 467 rdulce,
2246 392 2441 452 omnia
2466 391 2737 452 reficiens
2764 401 2822 452 et

1601 493 1896 550 nunquam
1965 472 2232 532 eficiens:
2276 470 2467 550 angeli
2495 480 2557 530 et
2583 472 2819 549 spiritus

1595 553 1885 631 justorum
1901 549 2070 644 pleno
2084 570 2183 609 ore
2200 559 2261 611 te
2276 557 2528 610 sumunt.
2586 549 2820 609 Placeat

1604 630 1731 701 tibi,
1750 630 2019 701 Domine,
2035 637 2099 688 ut
2117 649 2268 687 nunc
2285 638 2344 688 te
2360 635 2550 687 sumat
2566 627 2823 687 fideliter

1602 709 1794 770 anima
1825 729 1952 769 mea
1990 709 2278 787 peccatrix
2319 709 2381 766 in
2418 727 2520 765 sua
2560 706 2819 786 peregri·-

1604 789 1860 858 natione,
1899 795 1968 847 ut
2020 807 2056 845 a
2091 797 2153 845 te
2191 787 2466 844 virtutem
2512 784 2815 864 recipiens,

1604 867 1719 926 iter
1745 886 1907 925 suum
1933 884 2038 944 per
2062 874 2123 925 te
2151 884 2327 942 usque
2354 864 2426 921 ad
2456 872 2515 923 te
2557 863 2820 942 perficiat

1604 946 1729 1004 sine
1756 944 2168 1022 impedimento
2194 942 2500 1013 Sathanae3
2532 943 2820 1001 mortifica

1605 1024 1666 1082 in
1722 1023 1994 1081 membris
2041 1022 2186 1082 meis
2239 1029 2300 1080 et
2352 1021 2414 1079 in
2467 1022 2642 1081 corde
2695 1040 2821 1079 meo

1604 1121 1803 1160 omnes
1829 1099 2088 1159 stimulos
2126 1100 2332 1170 carnis,
2358 1108 2420 1159 et
2452 1118 2654 1159 omnes
2691 1098 2817 1158 libi-

1605 1180 1832 1240 dinosas
1897 1179 2306 1239 commotiones
2343 1199 2359 1250 3
2429 1186 2495 1237 ut
2565 1186 2651 1250 tu,
2710 1197 2821 1237 rex

1606 1259 1889 1337 virginum
1920 1267 1981 1317 et
2019 1267 2241 1317 amator
2275 1256 2575 1330 castitatiS,
2601 1257 2664 1314 in
2693 1277 2820 1317 meo

1604 1334 1970 1396 tabernaculo
2064 1336 2274 1395 nietam
2330 1334 2541 1394 habeas
2608 1335 2818 1393 mansi-

1604 1436 1793 1476 onem.
1891 1415 1999 1487 Tu,
2099 1414 2309 1486 omine,
2352 1414 2527 1486 nosti,
2568 1422 2713 1491 quot
2760 1422 2821 1472 et

1605 1495 1831 1572 quantis
1858 1493 2121 1552 fluctibus
2155 1491 2289 1551 laesa
2315 1500 2404 1551 est
2431 1493 2625 1550 anima
2652 1512 2819 1565 mea3

1603 1573 1704 1633 sed
1734 1583 1817 1643 tu,
1847 1572 2115 1642 Domine,
2142 1572 2237 1648 qui
2265 1591 2325 1631 es
2351 1591 2611 1629 summus
2639 1571 2820 1628 medi-

1603 1672 1720 1724 cus,
1748 1650 1880 1710 veni
1909 1657 1969 1709 et
1993 1670 2131 1708 sana
2155 1669 2317 1723 eam3
2360 1650 2452 1708 cui
2479 1658 2571 1709 est
2609 1649 2823 1708 tradita

1606 1731 1791 1789 omnis
1855 1736 2105 1808 potestas
2158 1738 2219 1786 et
2286 1729 2596 1807 imperium
2632 1749 2647 1799 3
2716 1747 2822 1805 per

1606 1808 1838 1867 infinita
1864 1806 2070 1866 saecula
2095 1805 2448 1865 saeculorum.
2532 1809 2775 1865 Amans

1708 1926 1966 2001 Oratio
1992 1927 2239 1999 devota
2266 1926 2353 1997 de
2377 1936 2824 1997 sacramento

1606 2028 1881 2101 altaris.

1679 2125 2058 2204 Omnipotens
2074 2132 2136 2183 et
2152 2123 2473 2183 misericors
2496 2122 2676 2194 Deus,
2694 2143 2822 2181 ecce

1605 2205 1809 2264 accedo
1862 2204 1934 2262 ad
1988 2210 2409 2262 sacramentum
2463 2202 2720 2280 corporis
2767 2210 2824 2259 et

1605 2282 1893 2363 sanguinis
1941 2284 2038 2340 uni
2083 2282 2227 2341 eniti
2276 2279 2413 2338 Filii
2452 2280 2543 2338 tui
2586 2280 2821 2339 Domini

1608 2364 1790 2421 nostri
1828 2361 1969 2421 Jesu
1997 2360 2046 2420 C
2089 2360 2251 2430 risti;
2295 2359 2521 2430 accedo,
2564 2359 2822 2435 inquam,

1608 2442 1873 2502 infirmus
1901 2440 1974 2498 ad
2002 2439 2283 2499 medicum
2315 2439 2470 2507 vitae,
2493 2437 2823 2496 immundus

1607 2522 1679 2579 ad
1719 2519 1938 2579 fontem
1973 2518 2395 2578 misericordiae.
2480 2517 2648 2596 Rogo
2684 2534 2823 2594 ergo

1609 2600 1905 2658 immensae
1927 2596 2238 2675 majestatis
2253 2604 2369 2655 tuae
2386 2595 2821 2666 abundantiam,

1608 2687 1889 2755 quatenus
1943 2696 2128 2734 meam
2182 2673 2435 2753 digneris
2482 2693 2687 2733 sanare
2733 2674 2822 2730 in-

1610 2756 1965 2828 firmitatem,
2019 2755 2206 2813 ditare
2273 2761 2694 2831 paupertatem,
2755 2758 2823 2810 ut

1608 2854 1816 2913 panem
1834 2833 2187 2913 angelorum,
2206 2851 2400 2909 regem
2419 2851 2642 2910 regum,
2659 2837 2825 2888 tanta

1608 2912 1930 2974 reverentia
1956 2921 2016 2971 et
2056 2920 2323 2982 tremore,
2352 2919 2522 2969 tanta
2559 2909 2823 2968 contriti·

1608 3011 1716 3051 one
1743 3000 1804 3051 et
1831 3010 2024 3050 amore
2051 2989 2371 3067 suscipiam,
2398 2989 2547 3047 sicut
2585 2987 2826 3065 expedit

1607 3070 1816 3129 animae
1856 3090 2019 3129 meae.
2103 3070 2194 3127 Da
2231 3066 2393 3140 mihi,
2426 3087 2642 3145 quaeso,
2669 3065 2823 3123 illius

1608 3148 1879 3207 dominici
1933 3148 2187 3225 corporis
2241 3155 2301 3206 et
2352 3145 2645 3226 sanguinis
2703 3164 2821 3202 non

1608 3227 1789 3286 solum
1857 3227 2141 3305 suscipere
2206 3234 2647 3294 sacramentum,
2717 3223 2822 3282 sed

1611 3306 1783 3366 etiam
1807 3305 2076 3364 virtutem
2104 3303 2464 3362 sacramenti.
2548 3301 2823 3361 Dulcissi-

1613 3405 1707 3444 me
1748 3383 1924 3456 DeuS,
1965 3384 2041 3441 da
2068 3383 2210 3440 mihi
2250 3383 2330 3441 sic
2369 3381 2655 3460 suscipere
2696 3400 2824 3439 cor-

1613 3484 1718 3542 pus
1744 3461 2022 3537 unigeniti
2049 3461 2134 3519 tui
2174 3460 2412 3520 Domini
2452 3458 2636 3518 nostri
2675 3458 2723 3518 J
2724 3479 2824 3518 esu

1612 3541 1846 3613 Christi,
1874 3540 2024 3617 quod
2050 3540 2235 3599 traxit
2258 3540 2330 3598 de
2357 3538 2586 3617 virgine
2610 3538 2824 3608 Maria,

1613 3631 1679 3680 ut
1731 3619 1950 3698 corpori
2007 3638 2107 3677 suo
2162 3618 2401 3694 mystico
2454 3637 2681 3676 merear
2735 3617 2827 3673 in-

1612 3698 1916 3777 corporari,
1945 3718 2010 3757 ac
2049 3697 2205 3755 inter
2243 3697 2363 3775 ejus
2390 3699 2651 3755 membra
2689 3715 2827 3753 con-

1616 3777 1922 3837 numerari.
2046 3775 2099 3834 O
2169 3775 2347 3834 Pater
2411 3772 2830 3846 amantissime,

1614 3857 1856 3916 concede
1890 3854 2034 3913 mihi
2073 3852 2343 3913 dilectum
2385 3853 2594 3911 Filium
2635 3860 2832 3925 tuum,

1614 3956 1782 4014 quem
1825 3934 2055 4012 quidem
2081 3932 2326 3992 velatum
2368 3932 2649 4010 suscipere
2692 3951 2834 4010 pro-

1615 4033 1785 4095 pon0,
1824 4011 2076 4072 revelata
2112 4011 2347 4070 tandem
2391 4010 2532 4069 facie
2570 4022 2839 4068 contem-

1616 4092 1780 4173 plari.
1878 4090 1992 4159 Qui
2030 4099 2218 4149 tecum
2260 4098 2320 4148 et
2361 4089 2584 4167 Spiritu
2611 4087 2839 4148 Sancto

1617 4172 1759 4230 vivit
1798 4178 1857 4229 et
1895 4178 2103 4250 regnat
2142 4169 2203 4226 in
2239 4168 2445 4229 saecula
2469 4166 2838 4228 saeculorum.

1620 4248 1867 4310 Amen.‘¹

1621 4374 1645 4407 ⁰
1681 4383 1752 4423 ex
1776 4365 1860 4420 13.
1887 4362 2208 4419 desumitur.

1622 4437 1650 4478 ‘¹
1687 4454 1755 4495 ex
1779 4437 1867 4493 26.
1894 4432 2214 4492 desumitur.
