2975 5009
191 211 320 276 633

272 381 476 443 Vitam
507 384 677 463 petiit
704 403 739 443 a
758 392 816 444 te
840 406 855 446 t
898 391 928 423 ⁸
945 394 1048 445 et⁸
1064 386 1404 445 'tribuisti'ei

193 460 611 540 longitudinem
654 462 878 522 dierum
920 465 981 522 in
1020 462 1306 536 saeculum,
1347 471 1406 522 et

198 540 256 598 in
282 540 552 604 saeculum
582 541 793 600 saeculi.

273 618 495 699 Magna
514 628 600 678 est
615 619 797 699 gloria
814 621 933 699 ejus
951 619 1009 677 in
1029 619 1263 679 salutari
1280 627 1405 681 tuo:

195 696 375 775 gloria
416 706 476 757 et
526 719 795 779 magnum
839 700 1103 757 decorem
1151 700 1409 777 impones

196 795 549 854 super-eum.
890 836 904 840 ,,
929 836 935 840 ,
1236 843 1244 856 ,

276 853 561 922 Quoniam
604 854 766 914 dabis
808 857 937 914 'eum
987 854 1046 913 in
1094 853 1408 913 benedicti-

198 952 367 992 onem
409 932 468 989 in
509 931 777 992 saeculum
818 932 1043 994 saeculi:
1094 932 1409 992 laetificabis

199 1030 331 1071 eum
360 1010 421 1067 in
449 1012 653 1089 gaudio
680 1033 808 1071 cum
835 1011 998 1069 v'ultu
1025 1021 1143 1071 tuo.

282 1088 566 1157 Quoniam
615 1110 722 1149 rex
768 1098 961 1169 sperat
1005 1091 1065 1147 in
1116 1089 1406 1148 Domino:

202 1175 262 1227 et
302 1166 360 1223 in
402 1168 791 1227 misericordia
824 1167 1085 1227 altissimi
1114 1187 1230 1226 non
1256 1187 1409 1226 com-

202 1246 542 1304 movebitur.
937 1283 942 1286 ·
1079 1281 1088 1288 »
1235 1307 1240 1312 ,

281 1324 624 1383 Inveniatur
648 1343 850 1383 manus
888 1331 991 1383 tua
1014 1323 1274 1383 omnibus
1300 1323 1409 1381 ini:-

203 1401 366 1461 micis
386 1402 528 1461 tuis:
556 1404 799 1463 dextera
816 1411 918 1462 tua
936 1403 1194 1463 inveniat
1216 1421 1413 1462 omnes

203 1481 304 1558 qui
331 1487 391 1540 te
418 1482 683 1540 oderunt.

285 1559 475 1619 Penes
528 1579 623 1618 eos
676 1567 742 1618 ut
806 1557 1088 1617 clibanum
1142 1557 1290 1637 ignis
1350 1558 1409 1615 in

203 1645 466 1715 tempore
494 1636 681 1696 vultus
721 1637 843 1696 tui:
897 1637 1181 1697 Dominus
1220 1638 1283 1693 in
1324 1638 1412 1696 ira

203 1736 307 1774 sua
336 1716 700 1774 conturbabit
739 1735 853 1787 ece,
882 1723 943 1774 et
980 1715 1278 1775 devorabit
1317 1735 1413 1775 eos

207 1793 373 1873 ignis.
1337 1800 1341 1804 ⁴

290 1872 565 1930 Fructum
612 1891 807 1931 eorum
849 1872 922 1931 de
967 1880 1126 1931 terra
1169 1871 1412 1950 perdes:

209 1957 271 2010 et
297 1969 491 2009 semen
520 1969 716 2009 eorum
743 1970 776 2008 a
803 1949 938 2007 filiis
965 1949 1277 2008 hominum.

290 2028 572 2096 Quoniam
599 2027 1029 2087 declinaverunt
1054 2028 1116 2085 in
1142 2036 1202 2087 te
1228 2025 1411 2087 mala:

208 2106 603 2184 cogitaverunt
647 2105 878 2166 consilia
916 2126 1044 2185 quse
1092 2126 1206 2166 non
1248 2115 1415 2185 potu·

210 2192 396 2250 erunt,
409 2184 681 2243 stabilire.
933 2187 938 2190 “

295 2262 583 2331 Quoniam
635 2279 812 2340 pones
866 2282 960 2323 eos
1014 2262 1039 2295 ¹²
1074 2262 1303 2340 dorsum
1349 2282 1361 2320 :
1390 2262 1416 2295 b

210 2342 273 2400 in
327 2339 585 2419 reliquiis
634 2340 751 2400 tuis
803 2342 1150 2421 praeparabis
1198 2340 1414 2399 vultum

214 2439 431 2481 eorum.
505 2427 518 2452 ¹

294 2495 589 2570 Exaltare,
630 2496 899 2569 Denii'ne,
925 2496 986 2553 in
1027 2497 1239 2557 virtute
1278 2505 1414 2558 tua:

209 2576 564 2637 cantabimus
590 2584 650 2634 et
676 2574 981 2666 psallemus
1010 2575 1252 2635 virtutes
1273 2585 1415 2634 tuas.

298 2652 497 2715 Gloria
529 2654 714 2713 Patrl.

211 2803 221 2812 ἢ
295 2732 657 2809 Antiphone.
686 2770 689 2774 ,

294 2810 420 2868 'Pua
473 2819 561 2869 est
613 2809 888 2889 potentia,
934 2816 1097 2868 tuum
1157 2830 1416 2887 regnum,

214 2889 481 2964 Domine,
501 2896 566 2946 tu
593 2908 653 2947 es
671 2907 842 2966 super
863 2907 1059 2947 omnes
1084 2896 1316 2967 gentes:
1346 2888 1419 2947 da

216 2986 436 3046 pacem,
466 2966 730 3039 Domine,
755 2966 816 3023 in
841 2966 1042 3026 diebus
1066 2966 1291 3026 nostris.

296 3044 481 3122 Kyrie
508 3043 738 3105 eleison.

299 3122 527 3184 Christe
562 3122 790 3182 eleison.

298 3200 483 3278 Kyrie
510 3199 738 3260 eleison.

295 3278 475 3338 Pater
500 3286 713 3339 noster.

296 3356 360 3416 E
362 3365 385 3415 t
422 3358 536 3416 haec
574 3356 769 3415 omnia
805 3354 929 3414 sine
966 3363 1100 3414 nota
1132 3355 1419 3428 dicuntur,

219 3444 343 3493 tam
368 3455 406 3492 a
432 3435 648 3492 clericis
685 3435 752 3492 in
778 3434 940 3492 choro
980 3455 1154 3510 quam
1175 3454 1216 3508 a
1241 3455 1420 3493 sacer-

217 3514 344 3572 dote
370 3532 498 3570 cwm
522 3513 641 3569 suis
667 3511 967 3570 ministris·

300 3589 526 3647 Deinde
552 3588 709 3647 dicat
732 3590 983 3658 sacerdos
1003 3609 1131 3662 cum
1153 3599 1305 3667 nota.

299 3667 382 3727 Et
409 3687 481 3725 ne
507 3685 612 3724 nos
636 3666 867 3725 inducas
892 3668 968 3728 in.
981 3669 1374 3728 tentationem.

302 3745 419 3807 Sed
445 3744 641 3803 libera.

298 3823 591 3903 Exsurgat
630 3823 789 3882 Deus
824 3830 885 3883 et
921 3823 1268 3903 dissipentur
1313 3824 1419 3883 ini-

219 3903 353 3962 mici
379 3904 517 3962 e‘us.

256 4059 270 4072 ⁶
300 3981 380 4040 Et
430 3980 627 4060 ugiant
665 3978 763 4058 qui
796 3978 1040 4040 oderunt
1066 4000 1195 4039 eum
1221 4001 1257 4040 a
1280 3978 1419 4041 facie

218 4079 359 4138 ejus.

215 4222 246 4252 ⁸
283 4228 394 4267 non
419 4212 622 4267 habent
654 4211 739 4267 97.
767 4211 852 4266 98.

216 4285 248 4324 b
282 4282 707 4338 deorsum—94.
734 4282 819 4335 98.

207 4366 242 4425 3
277 4351 838 4425 iniquitatibus—92.
865 4351 950 4406 94.

966 229 1238 278 PREOES
1270 230 1349 279 11⁴1
1384 226 1709 278 PRoszA
1718 228 1957 279 '1¹10NE.

2583 218 2708 282 634

1587 383 1726 442 Non
1757 385 1936 458 nobis,
1967 384 2232 458 Domine,
2263 407 2376 445 non
2406 389 2586 447 nobis.

1594 461 1708 520 Sed
1739 463 1959 521 nomini
1985 471 2084 521 tuo
2111 464 2185 522 da
2209 464 2466 544 gloriam.

1594 538 1840 599 Oremus
1867 562 1971 619 pro
1998 542 2225 600 afflictis
2252 551 2311 602 et
2338 542 2591 621 captivis.

1590 618 1823 690 Libera,
1866 620 2042 690 Deus»,
2101 620 2281 679 Israel
2330 642 2406 681 ex
2453 620 2714 680 omnibus

1512 707 1537 738 ⁰
1558 695 2017 756 tribulationibus
2038 704 2063 734 ⁰
2099 719 2319 757 eorum.

1592 774 1769 834 Mitte
1823 776 1924 849 eis,
1980 776 2245 851 Domine,
2298 774 2573 836 auxilium
2641 777 2715 836 de

1513 861 1724 909 sancte.
1899 864 1911 871 ·
1990 867 1997 872 ’

1592 929 1672 987 Et
1697 931 1770 989 de
1796 928 1931 989 Sion
1959 940 2124 991 tuere
2152 952 2265 992 eos.

1594 1008 1736 1067 Esto
1790 1008 1969 1082 nobis,
2020 1010 2286 1084 Domine,
2333 1011 2508 1069 turris
2553 1008 2716 1069 forti-

1513 1086 1748 1144 tudinis.
2094 1099 2098 1106 '

1595 1165 1654 1221 A
1682 1163 1825 1222 facie
1854 1163 2086 1224 inimici.

1596 1241 1863 1313 Domine,
1891 1243 2106 1301 salvum
2137 1243 2223 1302 fac
2249 1263 2463 1324 regem.

1595 1319 1674 1377 Et
1714 1321 1921 1379 exaudi
1962 1340 2065 1381 nos
2104 1322 2165 1379 in
2207 1322 2300 1382 die
2343 1342 2454 1401 qua
2492 1322 2717 1381 invoca-

1518 1397 1764 1455 verimus
1791 1406 1870 1457 te.

1596 1476 1859 1548 Domine,
1888 1478 2098 1536 exaudi
2124 1478 2438 1537 orationem
2466 1498 2669 1537 meam.

1594 1552 1675 1611 Et
1700 1552 1913 1613 clamor
1939 1576 2099 1615 meus
2125 1552 2198 1613 ad
2225 1564 2284 1616 te
2308 1555 2520 1616 veniat.

1597 1630 1879 1691 Dominus
1906 1635 2213 1694 vobiscum.

1597 1710 1676 1768 Et
1705 1730 1830 1768 cum
1853 1712 2058 1791 spiritu
2082 1720 2202 1772 tue.

1600 1787 1863 1848 oremus.

1599 1864 1819 1925 Oratio.

1599 1945 1770 2017 Deus,
1826 1943 1924 2022 qui
1973 1944 2297 2024 admirabili
2362 1947 2722 2025 providentia

1517 2031 1719 2080 cuncta
1769 2023 2038 2102 disponis,
2087 2033 2148 2085 te
2199 2023 2530 2104 suppliciter
2582 2045 2718 2084 exo-

1518 2119 1729 2174 ramuS,
1770 2111 1842 2160 ut
1862 2123 1867 2126 ²
1886 2111 2125 2161 terram·
2155 2121 2326 2180 quam
2370 2102 2721 2182 Unigenitus

1519 2176 1698 2236 Filius
1742 2189 1874 2239 tuus
1925 2181 2157 2261 proprio
2209 2181 2482 2260 sanguine
2528 2202 2721 2241 conse·

1519 2258 1723 2328 cravit,
1762 2260 1836 2318 de
1881 2262 2139 2318 manibus
2181 2260 2537 2318 inimicorum
2593 2280 2722 2318 cru-

1519 2334 1598 2392 cis
1650 2334 1870 2397 Christi
1918 2338 2186 2417 eripiens,
2233 2338 2498 2397 restituas
2544 2338 2720 2397 cultui

1518 2411 1850 2474 Christiano
1903 2425 2036 2475 vota
2078 2415 2336 2475 fidelium
2375 2417 2450 2475 ad
2488 2417 2608 2509 ejus
2653 2415 2722 2476 li·

1520 2491 1873 2552 berationem
1901 2493 1927 2525 ‘²
1943 2494 2279 2554 instantium
2296 2494 2322 2527 ‘¹
2344 2495 2719 2553 misericordi-

1520 2570 1940 2706 terOdirigendo
1966 2573 2029 2631 in
2057 2574 2206 2632 viam
2234 2575 2386 2652 pacis
2414 2580 2694 2634 aeternae?

1655 2657 1824 2707 ratio·
1923 2698 1927 2702 .

1601 2725 1781 2806 Rege,
1798 2746 2135 2804 quaesumus,
2159 2730 2425 2802 Domine,
2445 2727 2721 2788 famulum

1521 2810 1686 2862 tuum
1708 2806 2036 2883 pontificem
2056 2816 2340 2879 nostrum3
2380 2816 2459 2880 et,
2480 2808 2724 2868 interce-

1522 2881 1697 2942 dente
1725 2886 1889 2944 beata
1927 2885 2038 2945 Dei
2077 2885 2364 2965 genetrice
2387 2905 2723 2964 semperque

1523 2960 1742 3039 virgine
1796 2963 1989 3021 Maria
2033 2984 2161 3021 cum
2209 2965 2468 3023 omnibus
2515 2965 2723 3023 sanctis

1522 3040 1654 3111 tuis,
1675 3041 1877 3119 gratiae
1902 3049 2019 3101 tuse
2045 3043 2194 3101 dona
2209 3042 2272 3100 in
2297 3062 2366 3102 eo
2394 3041 2721 3122 multiplica,

1523 3127 1590 3176 ut
1632 3121 1705 3177 ab
1751 3121 2011 3179 omnibus
2048 3120 2324 3180 liberetur
2369 3120 2620 3191 offensis,
2661 3131 2722 3181 et

1522 3197 1929 3275 temporalibus
1955 3218 2069 3257 non
2095 3199 2440 3258 destituatur
2476 3198 2720 3273 auxiliiS,

1524 3275 1966 3413 etzempiternis
2000 3278 2242 3355 gaudeat
2267 3277 2561 3337 institutis.

1658 3355 1827 3413 ratio.
2286 3395 2289 3398 -
2317 3385 2320 3389 “

1603 3429 1716 3503 Da,
1759 3453 2101 3511 quaesumuS,
2148 3432 2303 3492 omni
2345 3441 2504 3493 otens
2547 3435 2720 3507 Deus,

1520 3507 1733 3568 famulo
1757 3520 1857 3571 tuo
1883 3512 2008 3591 regi
2034 3523 2229 3572 nostro
2248 3454 2486 3572 safutem
2508 3511 2718 3580 mentis

1522 3596 1583 3646 et
1608 3590 1894 3667 corporis3
1936 3599 2020 3663 ut,
2051 3591 2212 3650 bonis
2251 3592 2511 3668 operibus
2539 3590 2718 3663 inhae-

1522 3666 1720 3740 rend0,
1747 3676 1864 3727 tuae
1904 3688 2130 3761 semper
2165 3668 2392 3727 virtutis
2432 3677 2718 3729 mereatur

1521 3746 1872 3823 protectione
1937 3746 2185 3806 defendi.
2295 3745 2410 3807 Per
2474 3748 2719 3807 eundem

1522 3821 1815 3883 Christum
1835 3825 2146 3883 Dominum
2166 3831 2443 3884 nostrum.
2503 3826 2717 3886 Amen.

1606 3898 1904 3977 Sequatur.

1604 3978 1730 4039 Pax
1754 3980 1988 4039 Domini
2014 3980 2091 4040 sit
2114 4000 2337 4060 semper
2365 3982 2667 4042 vobiscum.

1524 4211 1553 4251 ‘¹
1575 4212 2029 4269 *instantia—94.

1526 4283 2038 4411 ᾏὲξὲ-(Ξὲἕεωιη
2109 4283 2403 4341 Dominum
2462 4288 2723 4340 nostrum.
