2975 5009
2541 213 2669 279 502

181 209 288 275 501
779 226 1142 279 nomch
1177 219 1325 276 xlv.
1360 228 1532 278 rosa·
1567 229 2039 279 rmmrwrnu.

179 402 315 441 meae.
410 383 623 443 Ponam
665 383 929 462 spiritum
958 405 1147 444 meum
1175 406 1347 465 super
1458 387 1796 446 arundinem
1835 395 2151 463 quassatam
2181 405 2294 443 non
2320 383 2664 464 confringet,

176 480 302 530 eum,
333 472 387 520 et
416 463 691 541 judicium
729 464 993 541 gentibus
1034 465 1342 524 nunciabit.
1457 474 1518 525 et
1544 475 1574 506 ⁸
1591 465 1810 543 lignum
1829 479 1858 509 ⁸
1889 465 2174 555 fumigans
2198 484 2315 554 non
2343 464 2659 555 extinguet,

177 537 289 595 Non
313 542 609 601 contendet
648 560 831 617 neque
857 540 1122 601 clamabit
1160 563 1343 621 neque
1454 544 1637 602 donec
1679 544 1866 622 ejiciat
1903 544 1976 601 ad
2015 550 2305 599 Victorlam
2339 541 2656 619 judicium:

173 617 335 676 audiet
374 618 571 698 aliquis
612 621 674 677 in
719 618 922 697 plateis
958 640 1149 681 vocem
1191 620 1242 698 ej
1251 640 1339 681 us:
1454 630 1516 681 et
1541 621 1604 679 in
1631 622 1862 682 nomine
1888 622 2009 700 ejus
2034 630 2232 699 gentes
2256 621 2583 698 sperabunt.

463 869 851 945 Dominica
926 872 1224 946 Decima
1307 831 1569 968 qaam
1639 884 1803 968 post
1892 872 2323 946 Trinitatem.

230 1050 327 1108 Ad
360 1052 628 1112 Missam.
712 1053 1024 1130 Officium.b

229 1127 507 1190 Protector
549 1140 758 1204 noster,
806 1134 1008 1211 aspice,
1052 1134 1228 1207 Daue,
1278 1142 1336 1193 et

167 1208 355 1342 respice
407 1211 468 1267 in
513 1209 721 1302 ‘faciem
761 1210 981 1303 §bristi
1022 1213 1143 1303 tui:
1205 1213 1339 1289 quia

163 1304 335 1421 mentor
359 1300 446 1348 est
470 1290 590 1349 dies
618 1310 732 1348 una
757 1310 819 1346 m
846 1299 1007 1350 atrns
1033 1300 1145 1350 tu1s
1165 1310 1334 1370 super

166 1382 528 1502 mlplsadlmusp

186 1588 199 1599 ⁶
214 1517 374 1583 Quam
396 1522 595 1576 dilecta
609 1521 960 1577 tabernacula
975 1528 1086 1592 tua,
1108 1522 1337 1578 Domine

157 1595 395 1646 virtutum
428 1613 440 1645 :
475 1592 805 1663 concupiscit
841 1598 897 1648 et
933 1594 1114 1649 deficit
1149 1595 1335 1650 anima

157 1675 260 1714 mea
278 1661 335 1715 in
356 1663 498 1717 atria
521 1663 757 1719 Domini.

223 1731 432 1792 Oratim

151 1858 155 1862 .
221 1810 383 1870 Omni
429 1821 592 1872 otens
637 1814 983 1891 sempiterne
1036 1813 1210 1885 Deus,
1256 1814 1333 1873 da

153 1889 291 1947 nobis
327 1891 367 1948 fi
412 1891 486 1963 ei,
513 1892 634 1970 spei
675 1900 735 1950 et
772 1892 1022 1951 caritatis
1060 1912 1332 1970 augmen-

149 1973 292 2027 tum:
352 1978 412 2029 et
458 1977 524 2029 ut
565 1990 885 2029 mereamur
918 1971 1136 2049 assequi
1178 1971 1329 2049 quod

150 2047 435 2178 promittis,
453 2045 539 2106 fac
554 2068 656 2106 nos
672 2068 867 2108 amare
881 2049 1032 2126 quod
1048 2049 1327 2128 praecipis.

192 2142 251 2182 er
275 2123 603 2184 Dominum.

210 2202 314 2261 Ad
340 2202 635 2263 &amicast

213 2278 462 2354 Fratres,
491 2282 707 2362 Spiritu
744 2282 1045 2355 ambulate,
1083 2290 1144 2342 et
1181 2282 1326 2341 desi-

144 2357 286 2418 deria
335 2361 522 2420 carnis
574 2381 692 2419 non
789 2362 1072 2421 efficietis.
1180 2360 1328 2420 Caro

145 2437 278 2495 enim
319 2440 666 2517 concupiscit
783 2460 972 2499 versus
1024 2439 1323 2519 spiritum:

142 2515 351 2592 spiritus
378 2526 570 2577 autem
602 2517 868 2577 adversus
894 2537 1123 2577 carnem
1146 2538 1160 2575 ε
1203 2516 1327 2576 haec

142 2595 274 2653 enim
301 2596 412 2655 sibi
439 2595 679 2651 invicem
706 2594 1096 2666 adversantur,
1117 2603 1184 2652 ut
1210 2613 1325 2651 non

142 2688 491 2749 quaecumque
517 2669 704 2740 vultiS,
725 2669 822 2728 illa
845 2669 1077 2728 faciatis·
1157 2670 1324 2738 Quod

140 2748 175 2804 si
199 2752 402 2830 spiritu
429 2747 717 2819 ducimini,
740 2768 854 2805 non
882 2748 1014 2807 estis
1042 2750 1144 2805 sub
1180 2746 1323 2824 lege.

139 2825 432 2889 Manifesta
475 2836 666 2884 autem
712 2835 848 2885 sunt
895 2846 1063 2904 opera
1103 2826 1321 2884 carnis:

136 2923 245 2980 quae
269 2915 426 2978 sunt,
448 2904 758 2977 fornicatio,
787 2904 1167 2974 immunditia,
1194 2923 1322 2961 ava-

135 2984 269 3055 ritia,
318 2982 688 3062 impudicitia,
744 2982 989 3054 luxuria,
1040 2981 1320 3041 idolorum

133 3064 377 3136 servitus,
440 3060 728 3134 veneficia,
788 3060 1121 3134 inimicitiae,
1187 3080 1319 3119 con-

132 3142 420 3213 tentiones,
443 3138 846 3211 aemulationes,
872 3139 993 3212 irae,
1021 3140 1185 3213 rixae,
1205 3139 1319 3198 dis-

129 3221 423 3291 sensiones,
466 3227 654 3291 sectae,
702 3218 952 3291 invidiae,
996 3216 1314 3289 homicidia,

131 3297 442 3369 ebrietates,
468 3297 917 3367 comessationes,
945 3304 1006 3356 et
1037 3295 1126 3355 his
1161 3296 1318 3354 simi-

128 3370 209 3447 lia,
235 3395 366 3453 quae
393 3374 641 3453 praedico
666 3376 839 3447 vobis,
867 3375 1012 3434 sicut
1050 3374 1313 3453 praedixi,

128 3457 386 3528 quoniam
426 3453 522 3531 qui
548 3452 683 3512 talia
712 3461 907 3532 agunt,
933 3473 1175 3531 regnum
1203 3453 1315 3513 Dei

127 3549 233 3589 non
286 3539 720 3609 consequentur.
829 3530 1069 3589 Fructus
1121 3539 1314 3590 autem

128 3607 368 3686 Spiritus
421 3619 507 3669 est
561 3611 783 3682 caritas,
836 3609 1123 3688 gaudium,
1181 3629 1315 3687 pax,

125 3688 409 3763 patientia,
425 3687 844 3766 longanimitaS,
863 3688 1102 3759 bonitas,
1120 3688 1314 3766 benig-

125 3765 278 3837 nitas,
349 3766 738 3839 mansuetudo,
806 3766 966 3837 fides,
1019 3765 1315 3837 modestia,

121 3845 480 3917 continentia,
500 3845 743 3904 mstitas.
804 3844 1098 3903 Adversus
1119 3842 1313 3920 hujus-

118 3925 327 3982 cemodi
352 3943 466 3981 non
493 3931 581 3982 est
616 3922 732 3982 lex.
815 3923 933 3990 Qui
958 3929 1153 3980 autem
1179 3929 1314 3980 sunt

117 3998 344 4073 Christi,
398 4020 626 4060 carnem
680 4021 841 4059 suam
902 3999 1311 4058 crucifixerunt

115 4096 230 4137 cum
258 4080 412 4139 vitiis
437 4088 497 4139 et
522 4079 997 4157 concupiscentiis.

110 4233 135 4262 ⁸
165 4226 519 4282 linum—15.
545 4227 612 4282 V.

111 4295 135 4333 ¹²
166 4297 250 4353 Ps.
276 4298 487 4353 lxxxiii.
515 4297 741 4370 (lxxxiv.
768 4297 818 4368 9,
848 4296 956 4370 10.)

108 4375 130 4405 ⁰
162 4368 230 4424 ib.
259 4368 331 4441 (v.
361 4369 434 4495 lc.)

103 4436 128 4475 ‘¹
159 4456 269 4514 cap.
298 4456 347 4498 v.
418 4482 431 4495 .
460 4438 777 4577 (v.gg;24.)

1535 1055 1839 1114 Gradatae

1519 1133 1732 1189 Bonum
1768 1139 1850 1188 est
1885 1133 2127 1188 confiteri
2164 1131 2396 1187 Domino
2431 1136 2487 1187 et
2514 1130 2652 1203 psal·

1447 1204 1556 1258 lere
1580 1204 1790 1259 nomini
1814 1209 1924 1274 tuo,
1950 1203 2226 1259 altissime.

1458 1275 1518 1328 V.
1608 1275 1702 1327 Ad
1746 1275 2191 1330 annunciandum
2241 1290 2401 1329 mane
2447 1271 2650 1327 miseri-

1445 1345 1681 1399 cordiam
1727 1349 1881 1399 tuam
1927 1351 1984 1400 et
2028 1345 2308 1401 veritatem
2356 1350 2509 1399 tuam
2556 1360 2653 1417 per

1447 1421 1792 1556 noztfltgluya.
1843 1486 1901 1539 V.
1975 1484 2322 1540 Confitemini
2347 1483 2578 1539 Domino
2596 1489 2653 1540 et

1445 1556 1692 1611 invocate
1727 1572 1923 1609 nomen
1958 1554 2078 1626 ejus
2108 1574 2120 1610 :
2152 1553 2479 1616 annuntiate
2505 1554 2650 1610 inter

1443 1633 1634 1698 gentes
1656 1643 1816 1697 opera
1838 1626 1970 1696 ejus.

1527 1697 1905 1773 Evanyelium
1927 1719 1944 1754 .-
1989 1694 2307 1754 Secwndum
2330 1694 2603 1754 Lucams

1496 1804 1499 1807 >
1528 1777 1602 1834 In
1640 1776 1736 1833 illo
1762 1785 2040 1853 tempore,
2067 1775 2211 1835 Cum
2238 1775 2350 1833 iret
2387 1772 2431 1833 J
2430 1793 2556 1834 esus
2582 1774 2646 1832 in

1444 1853 1827 1925 Hierusalem,
1888 1853 2167 1911 transibat
2231 1873 2335 1932 per
2400 1852 2644 1911 mediam

1445 1932 1758 1993 Samariam
1786 1940 1847 1991 et
1885 1930 2200 1991 Galilaeam.
2283 1930 2365 1989 Et
2399 1950 2527 1989 cum
2555 1931 2644 1989 in-

1440 2012 1782 2090 grederetur
1815 2010 2095 2087 quoddam
2122 2007 2429 2080 castellum,
2455 2027 2643 2066 occur·

1441 2099 1645 2150 rerunt
1697 2090 1750 2148 ei
1809 2089 2004 2147 decem
2058 2087 2164 2145 viri
2228 2086 2434 2165 leprosi
2460 2106 2477 2157 ;
2543 2086 2642 2165 qui

1441 2176 1726 2229 steterunt
1745 2167 1981 2247 alonge,
2004 2174 2063 2225 et
2081 2165 2411 2225 levaverunt
2431 2182 2642 2237 vocem,

1440 2246 1696 2307 dicentes
1723 2268 1740 2318 3
1798 2246 1841 2304 J
1844 2266 1939 2304 esu
1986 2252 2324 2324 praeceptor,
2371 2241 2640 2302 miserere

1439 2326 1640 2384 nostri.
1741 2324 1898 2392 Quos
1951 2333 2016 2381 ut
2067 2323 2229 2396 vidit,
2273 2321 2462 2392 dixit3
2523 2320 2639 2393 Ite,

1441 2403 1723 2463 ostendite
1753 2423 1846 2460 vos
1874 2402 2272 2460 sacerdotibus.
2332 2400 2412 2459 Et
2429 2399 2639 2457 factum

1439 2489 1526 2540 est
1552 2482 1690 2538 dum
1730 2481 1902 2551 irent,
1934 2480 2188 2537 mundati
2216 2485 2367 2539 sunt.
2469 2476 2640 2537 Unus

1436 2568 1629 2617 autem
1658 2578 1732 2616 ex
1758 2557 1885 2629 illis,
1915 2565 1979 2615 ut
2005 2558 2147 2615 vidit
2173 2556 2306 2636 quia
2332 2555 2638 2615 mundatus

1438 2644 1545 2707 est,
1593 2654 1880 2713 regressus
1933 2642 2021 2693 est
2073 2654 2200 2692 cum
2255 2653 2460 2713 magna
2504 2654 2639 2694 voce

1438 2713 1806 2789 magnificans
1826 2712 2036 2784 Deum,
2057 2721 2116 2771 et
2134 2712 2336 2771 cecidit
2355 2714 2416 2770 in
2437 2710 2637 2771 faciem

1435 2798 1569 2847 ante
1637 2790 1768 2848 edes
1795 2789 1932 2866 ejus,
1959 2790 2172 2869 gratias
2198 2809 2406 2867 agens:
2449 2799 2510 2849 et
2546 2790 2639 2849 hic

1435 2874 1561 2927 erat
1651 2869 1981 2925 maritanus.
2052 2867 2424 2945 Respondens
2442 2877 2636 2926 autem

1432 2945 1621 3017 Jesus,
1649 2944 1834 3016 dixit3
1889 2944 2103 3004 Nonne
2141 2945 2335 3003 decem
2376 2945 2638 3004 mundati

1433 3034 1586 3097 sunt,
1627 3034 1687 3084 et
1725 3043 1929 3083 novem
1970 3023 2067 3082 ubi
2107 3024 2285 3083 sunt?
2364 3022 2506 3081 Non
2548 3033 2634 3082 est

1432 3104 1696 3163 inventus
1762 3102 1819 3159 ui
1860 3100 2075 3160 rediret
2101 3108 2161 3159 et
2187 3101 2354 3159 daret
2391 3099 2633 3178 gloriam

1433 3184 1576 3255 Dec,
1604 3181 1711 3241 nisi
1782 3180 1832 3239 ic
1856 3178 2191 3259 alienigena.
2291 3179 2372 3238 Et
2396 3180 2477 3236 ait
2512 3178 2630 3239 illi:

1431 3259 1616 3340 Surge
1647 3274 1676 3313 8
1701 3266 1762 3320 et
1787 3274 1816 3313 8
1854 3257 2034 3318 vade:
2078 3256 2213 3335 quia
2252 3257 2394 3317 fides
2432 3264 2534 3315 tua
2570 3267 2631 3316 te

1428 3338 1643 3399 salvum
1669 3336 1818 3398 fecit.

1510 3416 1922 3493 offertoriumh

1498 3493 1761 3549 Immittit
1793 3490 2017 3564 angelus
2052 3489 2270 3543 Domini
2306 3487 2367 3543 in
2401 3487 2631 3544 circuitu

1425 3564 1741 3619 timentium
1757 3581 1881 3619 eum
1905 3567 1961 3618 et
1982 3560 2172 3644 eripiet
2194 3577 2282 3615 eos
2306 3579 2318 3613 :
2344 3565 2558 3631 gustate
2576 3565 2633 3615 et

1427 3635 1616 3765 νίᾱὲῡθ,
1643 3635 1898 3705 quoniam
1920 3649 2101 3687 suavis
2123 3635 2205 3686 est
2227 3630 2507 3685 Dominus.

1556 3715 1750 3765 ecreta.

1533 3785 1871 3864 Propitiare,
1923 3779 2195 3853 Domine,
2245 3778 2455 3858 populo
2508 3786 2624 3852 tuo,

1424 3863 1732 3942 propitiare
1752 3861 2103 3931 muneribus3
2131 3868 2197 3918 ut
2216 3857 2321 3916 hac
2341 3856 2624 3917 oblatione

1423 3941 1672 4019 placatus
1698 3950 1759 4001 et
1783 3938 2196 4018 indulgentiam
2223 3936 2384 3995 nobis
2409 3937 2625 3995 tribuas

1424 4028 1484 4078 et
1509 4018 1790 4098 postulata
1804 4018 2097 4077 concedas.
2177 4014 2311 4073 Per.

1416 4230 1441 4260 Θ
1481 4221 1568 4276 Ps.
1594 4219 1695 4275 xci.
1722 4219 1866 4291 (xcii.
1896 4219 1943 4290 l,
1970 4219 2046 4290 2.)
2069 4217 2169 4274 civ.
2204 4219 2304 4290 (cv.
2333 4217 2405 4288 1.)

1413 4290 1434 4329 ἲ
1480 4309 1592 4363 cap.
1620 4290 1748 4345 xvii.
1773 4290 1831 4344 G.
1859 4290 1929 4361 (v.
1959 4289 2175 4361 11-19.)

1410 4372 1439 4411 s
1473 4379 1585 4417 non
1610 4358 1812 4415 habent
1835 4360 1920 4413 92.
1949 4360 2034 4415 98.
2062 4359 2125 4414 V.

1410 4433 1440 4472 ¹¹
1478 4433 1564 4491 Ps.
1591 4430 1778 4487 xxxiii.
1807 4430 2008 4503 (xxxiv.
2038 4431 2084 4500 7,
2114 4430 2189 4501 8.)
