2975 5009
318 226 446 295 519

966 239 1332 291 nofflch
1367 239 1487 292 xx.
1522 239 1697 292 Posw
1730 232 2210 293 mmmvrmlm.

2723 223 2842 293 520

797 484 1186 559 Dominica
1282 482 1626 561 Vieeeima
1695 500 1861 584 post
1949 488 2385 561 Trinitatem.

412 670 515 729 Ad
540 668 785 728 Missam
804 690 825 727 .·
866 668 1178 746 Officium!b

420 747 631 807 Omnia
706 769 794 807 uae
832 746 1011 807 fecisti
1053 750 1236 820 nobis,
1271 747 1538 820 Domine,

337 828 399 886 in
440 846 576 885 vero
605 827 672 907 ju
714 828 820 885 icio
856 824 1073 886 fecisti:
1118 827 1252 904 quia
1289 825 1541 906 peccavi-

339 925 463 964 mus
488 906 594 964 tibi
623 915 683 965 et
708 904 989 963 mandatis
1014 904 1127 963 tuis
1155 924 1267 962 non
1291 904 1542 963 obedivi-

342 1003 507 1044 mus:
562 984 662 1043 sed
700 983 774 1042 da
810 983 1048 1062 gloriam
1088 983 1307 1041 nomini
1347 992 1448 1041 tuo
1484 990 1545 1042 et

340 1060 428 1120 fac
453 1062 744 1120 nobiscum
781 1063 1090 1122 secundum
1116 1061 1545 1122 multitudinem

344 1139 745 1199 misericordiae
773 1152 916 1200 tuse.

427 1217 749 1276 Psalmus.b

418 1293 653 1366 Magnus
678 1294 941 1349 Dominus
962 1299 1019 1349 et
1040 1292 1329 1349 laudabilis
1351 1293 1546 1347 nimis:

346 1363 407 1449 in
449 1365 668 1421 civitate
706 1366 806 1421 Dei
841 1365 1011 1420 nostri
1047 1364 1108 1418 in
1145 1370 1330 1420 monte
1366 1369 1552 1419 sancto

347 1452 378 1490 e
404 1453 480 1491 us.

370 1454 396 1507 J
433 1508 656 1567 Oratio.

431 1588 807 1665 Omnipotens
823 1592 882 1643 et
899 1584 1210 1643 misericors
1232 1584 1408 1655 Deus,
1426 1584 1552 1640 uni-

352 1683 513 1723 versa
532 1666 692 1723 nobis
710 1664 1065 1723 adversantia
1092 1663 1429 1741 propitiatus
1450 1682 1551 1721 ex-

354 1742 555 1813 clude;
616 1751 684 1801 ut
724 1750 919 1800 mente
961 1749 1022 1800 et
1066 1759 1301 1819 corpore
1338 1741 1555 1820 pariter

355 1820 631 1900 expediti,
658 1839 785 1897 quae
824 1828 924 1879 tua
956 1826 1091 1877 sunt
1127 1818 1320 1878 liberis
1347 1819 1558 1878 menti-

356 1900 460 1957 bus
486 1917 880 1976 exsequamur.
966 1896 1097 1956 Per.

433 1976 537 2035 Ad
561 1977 881 2055 Ephesios.⁰

455 2055 706 2126 Fratres,
755 2054 969 2112 Videte
1023 2052 1230 2130 itaque,
1278 2052 1561 2129 quomodo

355 2141 517 2193 caute
537 2131 863 2191 ambuletis:
906 2150 1022 2188 non
1043 2131 1198 2206 quasi
1226 2129 1560 2207 insipientes

358 2212 456 2271 sed
498 2211 652 2288 quasi
681 2211 997 2287 sapientes:
1041 2207 1387 2265 redimentes
1412 2215 1560 2265 tem-

357 2309 482 2369 puS,
509 2288 773 2365 quoniam
814 2286 934 2344 dies
968 2283 1101 2341 mali
1141 2292 1291 2342 sunt.
1375 2285 1558 2364 Prop-

358 2376 518 2427 terea
560 2364 737 2423 nolite
785 2363 914 2421 fieri
959 2362 1394 2442 imprudentes:
1460 2364 1562 2421 sed

359 2443 745 2521 intelligentes
764 2460 893 2518 quse
913 2441 988 2499 sit
1013 2441 1272 2499 voluntas
1299 2440 1427 2499 Dei.
1483 2440 1564 2499 Et

362 2522 539 2581 nolite
557 2520 823 2579 inebriari
842 2518 1062 2591 vino,in
1080 2538 1192 2596 quo
1207 2527 1293 2578 est
1311 2518 1560 2577 luxuria:

361 2601 461 2661 sed
487 2598 803 2679 implemini
831 2598 1050 2676 Spiritu
1079 2598 1305 2668 Sancte,
1325 2596 1562 2674 loquen-

360 2687 451 2739 tes
490 2675 898 2755 vobismetipsis
939 2677 1001 2735 in
1045 2674 1292 2754 psalmis,
1333 2675 1562 2752 hymnis

362 2766 422 2818 et
474 2756 713 2820 canticis,
748 2753 1109 2834 spiritalibus,
1153 2761 1448 2813 cantantes
1503 2761 1564 2812 et

361 2834 665 2914 psallentes
690 2835 752 2892 in
777 2833 1036 2891 cordibus
1062 2832 1265 2891 vestris
1292 2831 1562 2889 Domino.

361 2915 589 2975 Gratias
627 2920 859 2992 agentes
886 2930 1109 2988 semper
1147 2930 1253 2988 pro
1286 2909 1562 2979 omnibus,

361 2994 425 3050 in
451 2992 680 3050 nomine
703 2989 937 3049 Domini
958 2988 1137 3047 nostri
1163 2989 1206 3047 J
1207 3007 1304 3047 esu
1330 2985 1563 3058 Christi,

362 3070 487 3129 Deo
531 3079 591 3129 et
639 3069 819 3128 Patri.
922 3067 1171 3146 Subjecti
1216 3065 1458 3125 invicem
1504 3066 1564 3122 in

361 3149 569 3208 timore
595 3146 829 3207 Christi.

448 3225 751 3284 Gradale.‘¹

432 3303 588 3357 Oculi
613 3300 856 3356 omnium
881 3301 942 3353 in
967 3305 1022 3354 te
1044 3305 1276 3372 sperant,
1304 3296 1562 3352 Domine:

362 3379 418 3429 et
430 3379 493 3428 tu
502 3374 599 3427 das
611 3373 722 3426 illis
734 3389 909 3426 escam
921 3370 980 3424 in
999 3376 1233 3441 tempore
1246 3374 1562 3439 opportuno.

374 3444 435 3498 V.
509 3444 704 3514 Aperis
726 3448 789 3496 tu
814 3458 1038 3495 manum
1064 3446 1218 3493 tuam
1246 3458 1257 3491 2
1283 3445 1338 3492 et
1372 3438 1566 3510 imples

361 3531 520 3570 omne
542 3512 747 3568 animal
768 3511 1153 3566 benedictione.

434 3583 706 3655 Alleluya.
756 3583 816 3636 V.
863 3582 939 3635 De
957 3577 1236 3650 profundis
1251 3576 1479 3631 clamavi
1496 3578 1565 3631 ad

361 3663 430 3727 te,
442 3654 672 3710 Domine
689 3673 700 3706 :
718 3651 961 3717 Domine,
972 3647 1166 3703 exaudi
1184 3665 1359 3702 vocem
1372 3665 1562 3702 meam.

445 3726 763 3785 Secundum
791 3721 868 3779 M
863 3721 1173 3778 atthaeum.0

444 3805 520 3863 In
554 3802 648 3861 illo
687 3812 961 3878 tempore,
989 3797 1355 3874 Loquebatur
1394 3797 1437 3855 J
1439 3815 1565 3855 esus

363 3904 489 3944 cum
519 3879 804 3958 discipulis
825 3876 937 3934 suis
964 3874 1023 3931 in
1050 3874 1325 3953 parabolis
1345 3874 1561 3944 dicens;

364 3959 561 4022 Simile
580 3958 789 4016 factum
812 3962 897 4013 est
918 3973 1155 4031 regnum
1176 3952 1439 4011 coelorum
1458 3951 1561 4009 ho-

361 4040 506 4099 mini
552 4036 692 4114 regi,
719 4034 816 4111 qui
858 4030 991 4090 fecit
1030 4031 1253 4110 nuptias
1292 4029 1413 4089 filio
1446 4049 1563 4087 suc.

359 4195 388 4226 ⁸
422 4186 562 4238 Dan.
599 4198 713 4253 cap.
739 4178 817 4233 iii.
859 4179 1038 4251 (Cant.
1070 4178 1146 4233 iii.
1187 4178 1485 4232 Puerorum
1513 4176 1561 4244 5,

358 4253 687 4379 ἓίξὲζιινῑῑ.
715 4320 905 4393 (xlviii.
936 4319 1011 4444 1.ss

358 4409 383 4437 0
419 4413 533 4466 cap.
560 4413 609 4449 v.
638 4394 701 4447 D.
730 4393 800 4465 (v.
831 4391 970 4445 15-2
1010 4391 1049 4461 .)

357 4468 386 4505 ‘¹
425 4466 510 4519 Ps.
529 4463 688 4520 cxliv.
708 4464 867 4534 (cxlv.
882 4462 964 4532 15,
980 4460 1090 4531 16.)
1105 4460 1282 4515 cxxix.
1304 4460 1480 4529 (cxxx.
1503 4456 1578 4528 1.)

1649 671 1731 731 Et
1769 671 1927 731 misit
1970 691 2158 731 servos
2197 691 2326 729 suos
2356 689 2557 730 vocare
2592 669 2842 730 invitatos

1649 750 1724 808 ad
1744 751 1989 828 nuptias,
2007 758 2067 809 et
2084 749 2351 809 nolebant
2367 748 2580 814 venire.
2638 749 2841 807 Iterum

1651 827 1808 887 misit
1833 828 1972 887 alios
1996 847 2203 899 servos,
2230 828 2458 899 dicens;
2501 826 2690 885 Dicite
2715 826 2841 884 invi·

1653 906 1826 968 tatis:
1881 907 2026 966 Ecce
2068 907 2368 985 prandium
2411 925 2607 964 meum
2648 904 2842 982 paravi,

1657 985 1811 1043 tauri
1852 985 1968 1044 mei
2005 993 2067 1043 et
2106 983 2285 1043 altilia
2324 983 2506 1041 occisa
2543 984 2567 1023 ἴ
2591 986 2760 1054 sunt‚¹
2790 989 2842 1040 et

1658 1064 1849 1123 omnia
1874 1071 2106 1142 parata:
2148 1061 2337 1121 venite
2361 1062 2436 1119 ad
2463 1062 2709 1140 nuptias.
2757 1058 2842 1118 Illi

1658 1150 1850 1200 autem
1877 1141 2285 1221 neglexerunt:
2328 1149 2391 1200 et
2413 1141 2698 1211 abierunt,
2721 1137 2844 1197 alius

1660 1220 1721 1276 in
1749 1218 1942 1277 villam
1981 1239 2160 1292 suam,
2187 1218 2329 1277 alius
2354 1238 2492 1278 vero
2529 1219 2607 1275 ad
2648 1216 2843 1296 negoti·

1661 1297 1909 1357 ationem
1937 1318 2121 1357 suam:
2163 1296 2367 1373 reliqui
2392 1316 2530 1354 vero
2555 1303 2843 1354 tenuerunt

1661 1395 1851 1435 servos
1877 1376 2015 1454 ejus,
2043 1386 2104 1436 et
2128 1374 2484 1434 contumeliis
2508 1373 2738 1433 affectos
2768 1392 2844 1431 oc-

1663 1454 1940 1513 ciderunt.
2038 1454 2170 1513 Rex
2209 1462 2397 1511 autem
2431 1472 2566 1510 cum
2606 1452 2842 1521 audisset,

1664 1532 1843 1590 iratus
1868 1541 1994 1593 est:
2040 1540 2101 1590 et
2141 1532 2322 1589 missis
2361 1531 2706 1590 exercitibus
2729 1528 2840 1598 suis,

1664 1610 1914 1688 perdidit
1952 1610 2262 1669 homicidas
2301 1607 2444 1680 illos,
2480 1617 2543 1668 et
2583 1609 2840 1667 civitatem

1665 1687 1892 1746 illorum
1945 1688 2249 1747 succendit.
2349 1688 2514 1746 Tunc
2566 1688 2650 1745 ait
2697 1683 2842 1745 servis

1667 1768 1808 1838 suis;
1848 1766 2086 1845 Nuptiae
2106 1767 2332 1844 quidem
2361 1775 2580 1844 paratae
2606 1773 2746 1836 sunt,
2764 1762 2843 1822 sed

1709 1845 1767 1903 ui
1795 1845 2019 1904 invitati
2061 1854 2240 1916 erant,
2268 1864 2384 1901 non
2421 1843 2658 1903 fuerunt
2691 1840 2843 1918 digni.

1706 1932 1768 1983 te
1787 1943 1924 2002 ergo
1941 1923 2017 1981 ad
2035 1923 2223 1982 exitus
2242 1922 2483 1993 viarum,
2503 1928 2566 1981 et
2584 1939 2844 1999 quoscum·

1670 2022 1781 2081 que
1807 2002 2157 2071 inveneritis,
2181 2010 2371 2059 vocate
2396 2001 2474 2058 ad
2500 2000 2736 2078 nuptias.
2781 1997 2847 2055 Et

1672 2080 1886 2160 egressi
1927 2080 2075 2138 servi
2118 2079 2240 2157 ejus
2285 2080 2346 2137 in
2386 2078 2526 2150 vias,
2573 2094 2848 2156 congrege·
2948 2065 2949 2082 ³

1672 2169 1881 2218 verunt
1905 2177 2102 2217 omnes
2140 2177 2279 2235 quos
2316 2157 2677 2227 invenerunt,
2705 2158 2852 2214 bonos

1673 2245 1734 2297 et
1753 2236 1956 2296 malos:
1996 2244 2057 2294 et
2083 2236 2163 2294 im
2204 2235 2337 2295 letae
2364 2242 2500 2294 sunt
2527 2233 2737 2312 nuptiae
2757 2231 2853 2290 dis-

1673 2315 2081 2374 cumbentium.
2203 2314 2419 2374 ntravit
2458 2321 2653 2371 autem
2685 2330 2779 2370 rex
2799 2317 2855 2367 ut

1674 2393 1896 2453 videret-
1934 2392 2371 2463 discumbentes,
2400 2401 2462 2451 et
2488 2391 2634 2449 vidit
2663 2390 2737 2449 ibi
2771 2388 2854 2445 ho-

1675 2472 1890 2531 minem
1935 2490 2050 2528 non
2106 2472 2375 2530 vestitum
2421 2478 2580 2529 veste
2621 2465 2853 2548 nuptiali.

1675 2549 1758 2608 Et
1794 2550 1877 2608 ait
1915 2548 2037 2609 illi:
2083 2549 2310 2621 Amice,
2336 2548 2620 2626 quomodo
2646 2548 2751 2605 huc
2783 2544 2855 2601 in·

1676 2628 1841 2686 trasti
1870 2646 1983 2684 non
2025 2626 2241 2685 habens
2267 2638 2482 2686 vestem
2524 2646 2602 2682 nu
2644 2623 2856 2684 tialemss

1676 2705 1760 2763 At
1815 2704 1912 2765 ille
1960 2706 2263 2764 obmutuit.
2374 2705 2538 2763 'Pano
2627 2705 2730 2761 ‘xit
2770 2718 2858 2759 rex

1676 2783 1980 2845 ministris:
2022 2782 2244 2863 Ligatis
2268 2784 2532 2842 manibus
2558 2790 2620 2841 et
2643 2780 2858 2861 pedibus

1676 2861 1816 2939 ejus,
1845 2862 2060 2921 mittite
2100 2881 2231 2919 eum
2269 2861 2333 2917 in
2371 2862 2641 2919 tenebras
2671 2856 2856 2918 exteri·
2946 2867 2947 2932 ᾗ

1679 2958 1827 3000 ores:
1869 2940 1949 2998 ibi
1970 2940 2082 2998 erit
2100 2939 2269 2999 fietus
2290 2946 2349 2998 et
2369 2939 2582 2997 stridor
2602 2937 2854 2997 dentium.
2946 2941 2947 2980 ἑ

1678 3017 1856 3153 Bliulti
1899 3020 2055 3076 enim
2098 3026 2234 3077 sunt
2277 3018 2480 3090 vocati,
2535 3015 2695 3096 pauci
2747 3029 2857 3072 vero

1679 3116 1710 3154 e
1734 3097 1859 3155 ecti.

1761 3172 2173 3249 offertorium.ss

1748 3250 1922 3321 Super
1942 3250 2174 3305 flumina
2195 3249 2491 3320 Babylonis
2513 3249 2628 3312 illic
2649 3246 2855 3303 sedimus

1679 3327 1735 3376 et
1751 3321 1999 3452 flSoezvimus
2019 3342 2031 3375 z
2051 3322 2183 3375 dum
2200 3321 2601 3375 recordaremur
2616 3319 2710 3389 tui,
2729 3317 2851 3373 Sion.

1830 3400 1997 3451 creta.

1757 3471 1905 3530 Haec
1943 3489 2199 3543 munera,
2241 3487 2583 3547 quaesumus,
2615 3466 2849 3534 Domine,

1676 3570 1804 3628 quae
1844 3548 2015 3608 oculis
2053 3557 2169 3608 tuse
2214 3549 2528 3626 majestatis
2570 3547 2850 3612 offerimus,

1675 3627 1942 3686 salutaria
1959 3630 2118 3687 nobis
2139 3646 2258 3686 esse
2276 3626 2540 3685 concede.
2620 3627 2730 3686 Per
2756 3625 2851 3680 Do·

1676 3705 1915 3763 minum.

1763 3781 2150 3840 Communi0.¹¹
2944 3819 2945 3852 i

1748 3858 2023 3914 Memento
2048 3857 2197 3914 verbi
2220 3857 2306 3913 tui
2329 3875 2479 3913 servo
2496 3864 2606 3928 tuo,
2632 3853 2851 3919 Domino,
2944 3887 2945 3914 1

1675 3930 1732 3983 in
1759 3948 1866 3999 quo
1891 3929 2024 3982 mihi
2061 3947 2207 4001 spem
2245 3928 2441 3983 dedisti
2469 3950 2481 3983 ι
2508 3931 2623 3985 haec
2643 3944 2729 3981 me
2748 3939 2853 3980 con-

1679 4001 1852 4055 solata
1873 4000 2036 4054 estin
2062 3999 2372 4054 humilitate
2395 4018 2529 4055 mea.

1680 4182 1707 4282 Ῐ
1741 4190 1856 4297 :iffi⁸
1878 4173 2140 4298 ffbssnie
2166 4173 2425 4300 &8513ae

1679 4324 1708 4362 e
1742 4314 1830 4368 Ps.
1856 4313 2068 4368 cxxxvi.
2095 4313 2348 4385 (cxxxvii.
2376 4314 2451 4385 1.)

1680 4385 1709 4423 ¹¹
1748 4385 1834 4439 Ps.
1855 4384 2033 4441 cxviii.
2063 4383 2225 4456 (cxix.
2251 4384 2337 4454 49,
2365 4384 2479 4455 50.)
