2975 5009
134 255 249 319 561

1194 269 1619 319 onA'rloNEs.

2535 254 2663 321 562

180 514 436 588 Oratio
464 512 921 610 proca-mbulet
956 513 1058 585 ad
1091 516 1519 588 canonicum
1551 516 1913 588 servitium
1945 496 2196 624 septem
2229 519 2598 591 Iwrawm.

209 698 431 780 Septies
475 697 535 755 in
584 697 689 756 hac
735 696 830 756 die
876 695 1102 755 laudem
1150 697 1334 756 dicam

136 778 253 852 tibi,
285 778 547 848 Domine,
579 796 797 835 memor
839 796 1074 853 operum
1103 784 1332 834 tuorum

138 877 473 937 magnorum
495 855 667 913 nimis
685 866 745 913 et
766 853 1114 912 mirabilium
1135 856 1336 932 quibus

139 938 397 996 universa
422 942 643 1013 septem
669 933 868 991 diebus
894 934 966 991 ab
1004 932 1170 992 initio
1204 954 1335 992 con-

132 1016 361 1087 didisti;
405 1032 626 1073 memor
664 1022 950 1091 praeterea
986 1010 1337 1091 septiformis

136 1096 334 1173 gratiae
377 1093 463 1150 tui
517 1090 711 1152 Sancti
760 1090 1027 1168 SpirituS‚
1074 1091 1232 1169 cujus
1275 1091 1336 1148 in

137 1172 367 1252 singulis
406 1180 627 1248 septem
668 1168 826 1226 horis
862 1169 1161 1241 canonicis,
1201 1189 1338 1247 quas

136 1273 236 1332 ego
254 1250 524 1329 indignus
543 1267 702 1307 sacro
722 1255 781 1306 et
801 1246 1047 1325 regulari
1072 1248 1338 1308 instituto

133 1338 246 1390 tuae
300 1328 570 1388 Ecclesiae
623 1326 696 1384 ad
749 1325 973 1384 laudem
1021 1326 1108 1384 tui
1159 1327 1338 1386 sancti

136 1409 379 1468 nominis
422 1425 613 1464 coram
659 1414 717 1462 te
757 1403 926 1463 hodie
974 1403 1163 1463 dicere
1248 1426 1340 1463 ro-

136 1508 301 1565 pono.
411 1482 649 1563 Singula
693 1482 855 1553 mihi,
898 1485 1146 1555 obsecr0,
1230 1503 1340 1541 ona

234 1568 449 1625 tiarum
497 1562 696 1641 largiri
749 1561 1008 1638 dignare,
1057 1570 1337 1639 quatenus

134 1588 236 1705 fflg
256 1654 359 1704 tuo
385 1643 712 1702 beatissimo
746 1639 965 1718 Spiritu
1006 1649 1339 1776 septemque

137 1726 249 1783 suis
303 1723 633 1781 muneribus
686 1718 908 1777 abunde
962 1739 1064 1796 rep
1088 1729 1232 1790 etuS,
1280 1730 1340 1778 et

136 1803 291 1863 velut
318 1799 589 1859 columnis
616 1806 855 1876 septem,
884 1816 1019 1873 quas
1053 1797 1115 1854 in
1140 1798 1341 1855 domus

135 1903 250 1941 suae
297 1878 735 1939 aedificationem
781 1875 1060 1953 sapientia
1105 1875 1338 1949 excidit,

135 1960 425 2031 suffultus»,
482 1977 586 2036 per
626 1954 897 2013 circulum
946 1963 1166 2032 septem
1207 1954 1341 2012 feri-

133 2060 297 2099 arum
309 2039 511 2116 quibus
525 2037 583 2092 in
596 2035 791 2092 orbem
809 2033 1068 2111 repetitis
1086 2042 1346 2110 tempora

138 2119 460 2188 volvuntur,
514 2132 727 2194 perque
772 2111 1070 2169 decursum
1126 2121 1343 2189 septem

137 2206 381 2257 aetatum
436 2194 639 2272 quibus
686 2189 911 2248 assidue
958 2190 1213 2252 mortalis
1258 2192 1347 2246 in-

137 2277 384 2334 firmitas
410 2273 481 2331 ad
509 2278 755 2328 mortem
785 2269 1078 2348 procedit:
1122 2270 1205 2327 ita
1241 2269 1347 2327 tibi

137 2355 366 2436 placere
421 2370 662 2419 merear,
716 2355 782 2406 ut
848 2368 952 2426 per
1009 2347 1348 2406 laboriosum

136 2430 364 2512 mystici
388 2426 700 2510 septenarii
727 2426 788 2483 in
817 2436 1040 2504 septem
1072 2427 1351 2485 virtutum

134 2510 467 2593 operatione
508 2506 847 2567 exercitium
888 2513 1110 2583 septem
1149 2505 1352 2563 morti-

134 2594 258 2651 fera
318 2597 660 2663 eccata,quae
678 2593 812 2643 sunt
829 2594 1051 2662 septem
1069 2584 1354 2642 daemonia

138 2674 208 2730 ab
235 2670 281 2728 il
305 2689 342 2726 a
369 2664 693 2744 evangelica
711 2662 905 2720 Maria
931 2683 1036 2741 per
1053 2662 1348 2724 Christum

138 2751 339 2829 ejecta,
368 2746 549 2805 vitare
576 2742 832 2813 valeam;
875 2750 1211 2819 septemque
1250 2761 1350 2800 ne-

136 2829 367 2907 quiores
387 2824 619 2902 spiritus
640 2841 779 2900 quos
801 2819 897 2878 ille
918 2820 1082 2879 fortis
1101 2827 1351 2879 armatus

133 2909 206 2966 ad
249 2905 552 2964 hominum
580 2898 1001 2959 subversionem
1032 2919 1223 2958 secum
1262 2918 1350 2956 as-

1448 698 1644 770 sumit,
1672 719 1941 778 superare
1979 701 2329 779 tandemque
2364 703 2438 759 ad
2461 700 2666 760 trium-

1450 777 1680 857 phalem
1709 780 2057 837 octonarium
2088 780 2505 839 beatitudinum
2534 787 2664 858 post

1452 866 1740 935 peractam
1759 856 2060 936 praesentis
2083 860 2218 917 vitae
2241 857 2504 917 militiam
2531 878 2661 937 per-

1448 935 1595 993 duci.
1682 935 1846 1014 Rogo
1875 945 2067 995 autem
2098 947 2257 995 tuam
2284 935 2659 996 clementissi-

1451 1033 1604 1071 mam
1645 1014 1942 1093 pietatem,
1970 1022 2036 1073 ut
2060 1016 2199 1073 dum
2225 1016 2519 1075 canonicas
2558 1015 2662 1073 has

1451 1091 1622 1150 horas
1670 1093 1822 1149 laudi
1876 1102 1992 1153 tuae
2046 1093 2361 1173 majestatis
2415 1094 2664 1167 exsolvo,

1450 1169 1606 1228 cordi
1651 1191 1779 1230 meo
1822 1191 2050 1251 semper
2091 1173 2344 1251 digneris
2379 1173 2662 1245 assistere,

1450 1248 1706 1327 linguam
1760 1270 1947 1309 meam
1998 1253 2341 1330 gubernare,
2389 1260 2456 1311 ut
2507 1259 2661 1330 apte,

1449 1327 1694 1405 integre,
1737 1327 2007 1407 perfecte,
2034 1330 2267 1389 tractim
2295 1338 2355 1390 et
2394 1329 2663 1388 distincte

1451 1408 1625 1465 verba
1660 1407 2018 1483 pronuntiet,
2047 1417 2303 1467 mentem
2332 1430 2368 1467 a
2401 1407 2560 1487 vagis
2596 1428 2664 1466 ac

1451 1481 1777 1542 volatilibus
1805 1486 2243 1564 cogitationibus
2270 1488 2564 1566 expedire,
2591 1487 2665 1545 ad

1451 1571 1640 1641 teque,
1688 1562 1827 1620 dum
1873 1575 2061 1623 tecum
2117 1564 2386 1644 loquitur,
2447 1564 2657 1624 indesi-

1450 1649 1660 1701 nenter
1699 1650 1985 1701 attentam
2018 1641 2262 1716 efficere,
2292 1663 2364 1702 ne
2391 1644 2527 1701 dum
2556 1663 2662 1720 per

1450 1740 1645 1778 rerum
1674 1720 1952 1797 imagines
1978 1742 2013 1779 a
2051 1729 2110 1780 te
2151 1722 2248 1799 qui
2281 1730 2499 1782 secreto
2525 1740 2660 1779 con·

1452 1798 1707 1857 scientiae
1760 1799 2060 1858 delectaris
2111 1800 2248 1858 foris
2314 1800 2662 1877 egrediendo

1452 1877 1712 1951 discedit,
1725 1878 1898 1936 etiam
1915 1886 1976 1937 te
1991 1899 2026 1937 a
2043 1897 2102 1937 se
2120 1879 2326 1938 merito
2345 1878 2661 1939 discessisse

1454 1956 1663 2014 misera
1688 1955 1916 2015 defleat.
1997 1956 2218 2035 Accipe·
2247 1958 2268 2015 i
2311 1958 2426 2016 ‘tur
2460 1978 2534 2017 ex
2561 1975 2659 2017 ore

1456 2054 1588 2093 meo
1622 2034 1958 2093 sacrificium
1997 2034 2180 2093 laudis
2219 2056 2279 2093 sa
2303 2045 2482 2109 utare,
2510 2036 2661 2114 quod

1457 2121 1519 2171 te
1559 2111 1913 2186 honorificet,
1944 2134 2146 2193 meque
2182 2113 2425 2173 hostiam
2452 2115 2659 2187 vivam,

1458 2202 1731 2264 sanctam,
1806 2195 2081 2265 robatam,
2111 2192 2215 2251 tibi
2256 2192 2541 2271 placitam,
2569 2213 2661 2255 co-

1460 2290 1586 2328 ram
1628 2279 1687 2329 te
1727 2213 1972 2331 offerat:
2018 2281 2078 2331 et
2117 2270 2378 2331 diffunde
2489 2271 2661 2331 atiam

1461 2357 1620 2408 tuam
1649 2349 1710 2406 in
1746 2348 1908 2408 labiis
1947 2351 2089 2409 meis
2116 2358 2183 2408 ut
2216 2350 2288 2409 de
2315 2371 2410 2410 cor
2455 2372 2486 2410 e
2512 2353 2663 2410 bono

1462 2437 1721 2486 eructare
1766 2430 2003 2487 verbum
2045 2431 2274 2502 bonum,
2325 2438 2385 2488 et
2425 2439 2662 2509 propter

1505 2507 1711 2564 ratiam
1757 2505 2036 2565 labiorum
2080 2517 2140 2565 te
2178 2527 2373 2585 regem
2416 2509 2662 2567 amicum

1462 2527 1725 2656 {abeam
1748 2586 1999 2662 dumque
2026 2585 2085 2641 in
2116 2605 2249 2643 voce
2271 2585 2666 2646 exsultationis

1464 2671 1525 2722 et
1550 2661 1908 2721 confessionis
1942 2684 2001 2722 os
2033 2683 2224 2721 meum
2266 2665 2537 2742 aperiam,
2564 2675 2666 2725 tua

1463 2739 1603 2799 illud
1656 2741 2048 2802 benedictione
2111 2741 2350 2820 implere
2391 2743 2664 2821 digneris.

1462 2819 1704 2878 Amen.⁸

181 3158 612 3253 Sequuntur
678 3152 1045 3227 Orationes
1098 3153 1181 3223 in
1233 3154 1464 3224 missis
1508 3151 1824 3224 dicendoe
1863 3175 2010 3246 pro
2063 3150 2238 3223 bono
2276 3151 2481 3244 felici
2530 3179 2617 3225 ac

236 3281 590 3354 prospero
643 3264 827 3326 statu,
879 3252 1476 3324 Christianissimi
1527 3264 1731 3347 atque
1775 3253 2318 3324 eaeoellemissimi
2374 3254 2547 3349 regis

935 3354 1159 3423 ‘nostri
1207 3353 1512 3425 Henrici
1559 3352 1855 3449 septimi.

214 3544 589 3613 QuaesumuS‚
631 3536 986 3614 omnipotens
1026 3544 1087 3596 et
1132 3535 1353 3594 miseri-

129 3645 265 3685 cors
326 3623 498 3691 DeuS,
547 3624 613 3675 ut
657 3635 765 3674 rex
820 3623 1012 3673 noster
1066 3614 1352 3674 Hem-icus

130 3701 423 3782 septimus
477 3696 574 3775 qui
628 3702 726 3752 tua
778 3693 1138 3752 miseratione
1186 3694 1350 3771 regni

128 3781 391 3859 suscepit
447 3771 841 3855 gubernacula,
896 3772 1173 3830 virtutum
1228 3791 1350 3829 om-

126 3863 308 3920 nium
365 3854 643 3936 percipiat
688 3852 1078 3928 incrementa,
1146 3850 1349 3927 quibus

128 3941 418 3998 decenter
458 3942 687 3992 ornatus
721 3929 986 3987 vitiorum
1023 3929 1349 4007 voraginem

123 4018 420 4085 devitare,
431 4032 526 4071 cor
532 4010 678 4088 poris
691 4007 1074 4067 incolumitate
1082 4006 1346 4083 gaudere,

124 4096 334 4155 hostes
360 4112 423 4151 su
468 4108 646 4159 erare,
677 4097 736 4147 et
770 4088 831 4144 in
863 4084 1173 4164 tranquilla
1212 4104 1348 4163 pace

126 4176 281 4234 dum
334 4173 394 4229 in
428 4112 703 4226 ¹immanis
749 4171 883 4244 aget
936 4172 1054 4223 tam
1106 4161 1347 4223 feliciter

204 4251 319 4310 ssit
338 4268 440 4307 sua
458 4256 721 4324 tempora
739 4244 1108 4323 pertransire,
1130 4252 1194 4301 ut
1221 4249 1349 4321 post

122 4274 311 4410 ffajus
355 4329 493 4387 vitae
535 4325 831 4383 decursum
873 4322 944 4379 ad
994 4330 1054 4381 te
1096 4321 1194 4398 qui
1239 4321 1347 4394 via,

116 4489 147 4524 ὓ
186 4494 267 4538 ex
296 4473 477 4532 19PO.
509 4471 824 4528 desumitur.

584 4544 668 4608 36

1464 3536 1692 3627 veritas,
1748 3546 1808 3597 et
1862 3536 1980 3596 vita
2031 3556 2107 3609 ee,
2150 3537 2428 3616 gratiosus
2481 3538 2665 3600 valeat

1463 3635 1780 3693 pervenire.

1544 3692 1785 3753 Secreta.

1542 3771 1808 3844 Munera,
1830 3790 2169 3850 quaesumuS,
2194 3773 2457 3846 Domine,
2480 3774 2669 3835 oblata

1462 3849 1770 3921 sanctifica,
1786 3859 1851 3909 ut
1866 3849 2029 3909 nobis
2046 3848 2348 3928 Unigeniti
2364 3852 2449 3909 tui
2467 3872 2666 3931 corpus

1462 3935 1522 3986 et
1548 3929 1775 4005 sanguis
1802 3928 2027 3999 fiant‚et
2053 3925 2263 3987 famulo
2284 3939 2384 3988 tuo
2410 3929 2670 3992 Hem-ico

1459 4005 1702 4084 septimo
1718 4005 1842 4085 regi
1859 4013 2053 4064 nostro
2070 4007 2441 4066 obtinendum
2458 4010 2666 4072 animae

1460 4083 1821 4162 corporisque
1861 4082 2132 4142 salutem:
2182 4094 2240 4143 et
2276 4086 2350 4143 ad
2392 4106 2668 4167 peragen-

1459 4162 1596 4220 dum
1649 4161 1712 4218 in
1778 4162 1948 4219 firma
2001 4161 2115 4219 fide
2170 4171 2227 4221 et
2287 4163 2466 4221 solida
2531 4186 2667 4244 pace

1461 4240 1779 4317 injunctum
1827 4239 1933 4299 sibi
1980 4237 2227 4298 officium
2276 4249 2335 4302 te
2388 4241 2667 4323 largiente

1463 4338 1858 4399 usquequaque
1885 4318 2205 4399 proficiant.
