2975 5009
292 287 422 353 315
509 303 670 352 FER.
703 303 772 352 v.
806 304 880 352 m
912 303 1123 353 ocum
1151 302 1439 353 nomm.

293 459 534 519 noscetis
565 479 716 531 eum,
753 466 813 518 et
851 458 1073 518 vidistis
1110 479 1259 518 eum.
1341 458 1502 518 Dicit

230 605 235 610 ⁵
291 538 346 595 ei
388 536 729 616 Philippus3
773 536 1037 609 Domine,
1074 536 1308 596 ostende
1336 539 1498 597 nobis

294 615 550 686 Patrem,
603 623 667 673 et
715 615 924 674 sufficit
975 616 1152 673 nobis.
1234 616 1392 674 Dicit
1443 617 1498 674 ei

292 692 336 752 J
338 713 462 752 esus
483 714 501 766 3
548 693 733 752 Tanto
757 702 1015 771 tempore
1040 695 1324 752 vobiscum
1351 714 1499 766 sum,

295 779 356 830 et
409 792 525 829 non
579 772 914 850 cognovistis
968 774 1105 830 me?
1214 771 1498 851 Philippe‚

295 849 392 926 qui
420 850 573 908 videt
599 870 715 920 me,
740 849 898 908 videt
925 858 984 908 et
1012 850 1244 909 Patrem
1285 871 1497 909 meum.

295 927 375 986 Et
399 928 679 1006 quomodo
719 936 783 986 tu
821 928 996 986 dicis:
1047 928 1299 987 Ostende
1338 929 1501 987 nobis

295 1004 577 1065 Patrem?
685 1004 823 1064 Non
877 1006 1059 1064 credis
1110 1005 1245 1082 quia
1289 1026 1394 1083 ego
1437 1007 1500 1063 in

297 1084 493 1155 Patre,
520 1092 580 1142 et
605 1082 781 1143 Pater
816 1084 876 1141 in
918 1104 1010 1142 me
1049 1086 1182 1143 est?
1284 1084 1500 1156 Verba,

294 1181 423 1239 quae
463 1182 569 1241 ego
608 1160 803 1239 loquor
842 1161 1016 1233 vobis,
1056 1183 1092 1220 a
1130 1161 1344 1239 meipso
1384 1183 1500 1220 non

296 1239 512 1317 loquor.
595 1240 771 1302 Pater
809 1249 1001 1299 autem
1026 1241 1088 1298 in
1116 1260 1207 1298 me
1244 1261 1500 1312 manens,

296 1316 418 1396 ipse
466 1316 600 1375 facit
642 1337 827 1396 opera.
909 1316 1043 1376 Non
1092 1318 1323 1377 creditis
1369 1320 1505 1395 quia

298 1416 331 1454 e
370 1415 404 1456 o
449 1394 509 1451 in
559 1396 750 1468 Patre,
798 1406 857 1455 et
904 1395 1079 1455 Pater
1124 1397 1182 1454 in
1228 1417 1322 1455 me
1369 1400 1501 1456 est?

299 1475 356 1532 A
380 1474 569 1551 ‘oquin
618 1483 853 1553 propter
895 1494 1062 1552 opera
1110 1474 1231 1553 ipsa
1267 1475 1501 1533 credite.

300 1554 517 1623 Amen,
563 1573 751 1624 amen,
787 1553 913 1611 dico
951 1553 1141 1611 vobis:
1183 1554 1282 1631 qui
1322 1554 1505 1611 credit

299 1630 360 1687 in
407 1651 519 1702 me,
560 1651 732 1709 opera
769 1651 895 1708 quae
938 1651 1042 1709 ego
1082 1630 1241 1703 facio,
1278 1641 1339 1690 et
1383 1631 1503 1709 ipse

297 1707 484 1779 faciet,
525 1719 584 1768 et
622 1708 840 1785 majora
879 1709 1081 1767 horum
1121 1708 1322 1768 faciet:
1371 1710 1505 1786 quia

297 1805 407 1864 ego
431 1787 505 1843 ad
526 1785 756 1845 Patrem
780 1788 936 1845 vado.
1017 1788 1096 1845 Et
1115 1788 1505 1864 quodcumque

300 1865 580 1941 petieritis
619 1864 850 1924 Patrem
878 1866 940 1922 in
968 1867 1196 1923 nomine
1223 1886 1369 1934 meo,
1398 1866 1505 1922 hoc

299 1942 498 2001 fficiam
525 1964 538 2000 :
584 1951 650 2000 ut
675 1942 1026 2017 glorificetur
1050 1942 1224 2001 Pater
1248 1944 1310 2000 in
1339 1944 1502 2001 Filio.

302 2021 366 2079 Si
412 2021 549 2097 quid
587 2020 866 2099 petieritis
885 2029 915 2059 ⁸
964 2022 1025 2078 in
1080 2021 1308 2079 nomine
1354 2041 1505 2093 meo,

301 2097 408 2157 hoc
432 2098 651 2157 faciam.
732 2097 792 2156 Si
819 2099 1054 2176 diligitis
1080 2118 1206 2157 me:
1235 2100 1508 2157 mandata

301 2197 430 2236 mea
454 2186 691 2235 servate.
773 2177 852 2235 Et
890 2197 995 2255 ego
1034 2178 1242 2254 rogabo
1273 2176 1505 2236 Patrem

302 2263 363 2313 et
412 2254 586 2312 alium
636 2252 982 2313 Paraclitum
1027 2256 1186 2314 dabit
1224 2255 1398 2326 vobis,
1441 2266 1506 2318 ut

302 2340 530 2391 maneat
569 2333 852 2390 vobiscum
880 2333 940 2390 in
976 2342 1279 2404 aeternum,
1321 2334 1506 2412 Spiri-

301 2416 426 2469 tum
444 2410 719 2481 veritatiS,
736 2430 902 2488 quem
924 2411 1167 2469 mundus
1182 2432 1295 2469 non
1315 2421 1507 2490 potest

302 2508 521 2567 capere,
561 2489 695 2566 quia
733 2508 848 2546 non
884 2490 1042 2548 videt
1080 2509 1211 2549 eum
1258 2510 1364 2549 nec
1401 2491 1507 2553 scit

304 2587 468 2625 eum:
502 2587 594 2624 vos
609 2575 803 2625 autem
824 2568 1162 2646 cognoscetis
1184 2588 1314 2626 eum
1336 2569 1507 2646 :quia

302 2664 339 2701 a
378 2645 454 2702 ud
501 2664 597 2702 vos
645 2647 912 2718 manebit,
965 2655 1025 2705 et
1070 2647 1130 2703 in
1173 2647 1329 2705 vobis
1374 2648 1505 2708 erit.

304 2665 376 2779 hl)
371 2742 444 2780 on
471 2722 787 2800 relinquam
814 2744 910 2781 vos
937 2725 1250 2804 orphanos:
1279 2726 1506 2785 veniam

304 2801 377 2858 ad
397 2821 513 2859 vos.
591 2801 796 2860 Adhuc
823 2803 1135 2877 modicum:
1175 2812 1236 2862 et
1262 2804 1507 2864 mundus

306 2898 400 2936 me
411 2881 533 2957 jam
551 2898 667 2937 non
683 2880 856 2939 videt.
901 2880 1023 2939 Vos
1039 2891 1229 2940 autem
1248 2881 1511 2942 videbitis

305 2976 433 3015 me:
461 2958 595 3036 quia
618 2978 725 3037 ego
753 2959 896 3030 vivo,
926 2968 986 3018 et
1014 2980 1107 3018 vos
1130 2960 1344 3018 vivetis.
1430 2962 1506 3019 In

304 3034 404 3092 illo
428 3037 521 3095 die
547 3056 643 3094 vos
669 3037 1027 3115 cognoscetis,
1067 3039 1201 3116 quia
1238 3058 1344 3116 ego
1378 3058 1504 3097 sum

305 3114 366 3171 in
395 3114 569 3173 Patre
596 3135 741 3186 meo,
770 3124 828 3173 et
856 3135 951 3173 vos
983 3117 1044 3173 in
1086 3137 1196 3187 me,
1225 3126 1285 3175 et
1311 3136 1417 3194 ego
1442 3120 1505 3175 in

302 3192 480 3251 vobis.
565 3192 681 3260 Qui
728 3192 902 3252 babet
942 3195 1210 3252 mandata
1247 3215 1393 3266 mea,
1446 3206 1508 3255 et

304 3279 493 3328 servat
520 3291 604 3341 ea,
634 3270 729 3330 ille
756 3279 843 3330 est
868 3273 962 3348 qui
991 3272 1182 3349 diligit
1207 3293 1319 3330 me.
1391 3274 1510 3342 Qui

305 3357 497 3407 autem
539 3349 726 3427 diligit
779 3370 890 3421 me,
930 3350 1201 3429 diligetur
1245 3370 1281 3407 a
1333 3352 1508 3411 Patre

306 3446 451 3498 meo,
481 3436 541 3486 et
567 3448 672 3506 ego
709 3427 943 3506 diligam
976 3448 1124 3498 eum,
1154 3434 1214 3486 et
1240 3431 1508 3489 manifes-

302 3506 438 3562 tabo
464 3506 516 3563 ei
537 3507 833 3583 meipsum.
918 3506 1074 3564 Dicit
1093 3506 1145 3565 ei
1165 3506 1207 3564 J
1209 3508 1363 3579 udas,
1392 3529 1510 3566 non

304 3581 399 3641 ille
425 3581 768 3656 Scariothis;
817 3583 1083 3655 Domine,
1123 3584 1256 3661 quid
1297 3584 1507 3644 factum

306 3669 411 3730 est,
466 3662 597 3738 quia
642 3660 1104 3720 manifestaturus
1157 3683 1216 3721 es
1262 3665 1508 3742 teipsum

306 3738 482 3810 nobis,
539 3749 598 3799 et
653 3760 764 3799 non
820 3740 1084 3799 mundo?
1191 3740 1510 3819 Respondit

303 3814 492 3888 Jesus,
522 3827 581 3877 et
605 3818 757 3877 dixit
784 3817 870 3889 εἰς
919 3817 978 3876 Si
1019 3819 1144 3895 quis
1178 3818 1369 3897 diligit
1395 3840 1507 3891 me,

303 3913 626 3955 sermonem
673 3916 862 3956 meum
903 3897 1185 3968 servabit;
1235 3909 1293 3956 et
1334 3898 1509 3956 Pater

305 3992 463 4032 meus
482 3974 682 4065 diliget
698 3994 847 4045 eum,
869 3984 928 4034 et
947 3975 1020 4033 ad
1047 3995 1177 4034 eum
1196 3976 1509 4048 veniemuS,

304 4059 366 4109 et
416 4072 767 4111 mansionem
820 4053 968 4130 apud
1022 4074 1153 4112 eum
1204 4052 1507 4112 faciemus:

302 4128 400 4207 qui
427 4149 542 4188 non
567 4130 755 4208 diligit
780 4152 891 4204 me,
912 4151 1196 4191 sermones
1217 4152 1371 4190 meos
1392 4153 1506 4191 non

301 4296 331 4326 ⁸
366 4288 627 4342 me.—92.
653 4289 737 4344 98.
765 4290 850 4345 57.

305 4362 332 4396 ⁰
367 4359 484 4412 sine
519 4360 730 4431 tunicis,
761 4361 1009 4432 dictaque
1034 4363 1288 4419 Oratione
1324 4363 1509 4419 Domi-

306 4498 342 4530 *
376 4502 498 4552 ante
527 4500 944 4556 altare.—Grad.

1705 306 1862 354 rsa.
1898 305 1995 354 v1.
2031 306 2111 354 m
2160 304 2598 355 PABAscEVE.
2680 291 2792 353 316

1610 469 1819 521 servat.
1899 462 1980 521 Et
2018 482 2340 522 sermonem
2365 481 2536 540 quem
2561 462 2792 534 audistis,

1613 559 1726 597 non
1774 546 1861 598 est
1908 560 2067 598 meus
2114 542 2212 600 sed
2248 541 2370 618 ejus
2407 541 2506 619 qui
2546 539 2693 598 misit
2713 561 2795 598 me

1615 616 1822 676 Patris.
1901 619 2050 677 Haec
2074 619 2289 677 locutus
2314 639 2440 677 sum
2466 619 2639 690 vobis,
2665 619 2792 696 apud

1613 716 1709 754 vos
1736 716 1989 755 manens·
2070 696 2381 755 Paraclitus
2418 705 2611 755 autem
2641 696 2797 775 Spiri-

1614 782 1707 832 tus
1754 775 2011 846 Sanctus‚
2065 796 2235 853 quem
2290 775 2485 834 mittet
2531 776 2699 835 Pater
2742 777 2796 833 in

1615 853 1846 911 nomine
1878 873 2024 926 meo,
2063 854 2160 913 ille
2206 872 2304 911 vos
2343 853 2571 912 docebit
2612 854 2798 924 omnia,

1615 939 1676 988 et
1713 943 1979 1010 suggeret
2012 933 2164 990 vobis
2204 933 2412 1002 omnia,
2453 952 2799 1009 quaecumque

1614 1009 1817 1068 dixero
1842 1010 2016 1068 vobis.
2101 1011 2307 1069 Pacem
2348 1010 2610 1089 relinquo
2645 1011 2801 1080 vobis,

1618 1107 1813 1165 pacem
1842 1108 2026 1146 meam
2054 1090 2131 1148 do
2159 1088 2310 1146 vobis
2333 1109 2347 1147 ε
2397 1109 2512 1146 non
2541 1089 2804 1167 quomodo

1618 1167 1863 1226 mndus
1918 1170 2037 1238 dat,
2097 1187 2204 1245 ego
2269 1167 2345 1225 do
2396 1169 2573 1226 vobis.
2679 1166 2802 1224 Non

1617 1246 1880 1303 turbetur
1903 1267 2001 1305 cor
2027 1255 2298 1316 vestrum,
2325 1264 2508 1324 neque
2534 1245 2803 1304 formidet.

1621 1323 1885 1381 Audistis
1910 1326 2043 1404 quia
2068 1345 2101 1383 e
2141 1345 2174 1382 o
2198 1322 2320 1381 dixi
2347 1326 2538 1383 vobis:
2574 1325 2737 1383 Vado
2757 1331 2805 1381 et

1621 1403 1785 1459 venio
1810 1402 1883 1460 ad
1911 1424 2025 1461 vos.
2101 1345 2168 1461 {i
2208 1401 2524 1480 diligeretis
2549 1424 2662 1474 me,
2688 1422 2804 1480 gau·

1618 1481 1830 1539 deretis
1864 1483 2078 1559 utique,
2118 1481 2251 1560 quia
2275 1481 2420 1538 vado
2445 1483 2521 1539 ad
2547 1481 2804 1540 Patrem:

1620 1561 1753 1636 quia
1792 1559 1969 1619 Pater
2010 1560 2189 1638 major
2230 1578 2324 1617 me
2365 1567 2470 1617 est.
2553 1559 2636 1617 Et
2676 1579 2807 1617 nunc

1619 1637 1742 1694 dixi
1782 1639 1939 1696 vobis
1976 1639 2134 1715 prius
2174 1656 2343 1714 quam
2389 1638 2528 1695 fiat:
2584 1647 2652 1696 ut
2695 1657 2806 1695 cum

1616 1714 1826 1774 factum
1841 1716 2032 1789 fuerit,
2049 1717 2309 1775 credatis.
2350 1715 2394 1774 J
2395 1736 2489 1773 am
2512 1735 2627 1773 non
2648 1716 2809 1774 multa

1618 1793 1816 1870 loquar
1841 1796 2125 1852 vobiscum
2149 1815 2160 1850 :
2198 1794 2355 1852 venit
2381 1795 2535 1851 enim
2564 1796 2808 1873 princeps

1619 1873 1817 1930 mundi
1838 1870 2023 1950 hujus,
2050 1881 2111 1930 et
2135 1873 2194 1929 in
2223 1892 2316 1930 me
2336 1891 2451 1929 non
2470 1871 2647 1931 habet
2664 1872 2808 1950 quid-

1619 1970 1807 2028 quam.
1891 1951 2005 2010 Sed
2026 1959 2092 2009 ut
2118 1958 2415 2029 cognoscat
2433 1952 2681 2009 mundus
2698 1950 2810 2027 quia

1619 2028 1795 2107 diligo
1811 2028 2063 2098 Patrem,
2086 2038 2144 2088 et
2162 2031 2307 2086 sicut
2322 2029 2654 2086 mandatum
2670 2027 2812 2087 dedit

1621 2106 1766 2240 ffihi
1791 2106 1984 2180 Pater,
2012 2107 2093 2166 sic
2117 2106 2274 2165 facio.
2356 2103 2607 2186 Surgite,
2635 2124 2809 2166 eamus

1664 2204 1773 2243 mc.

1707 2392 1922 2466 Feria
1940 2403 2121 2465 secuta
2146 2394 2229 2465 in
2247 2393 2363 2465 die
2382 2395 2805 2468 Para-scenas.

1702 2489 1886 2548 Dicta
1938 2491 2077 2548 hora
2102 2511 2272 2562 nona,
2314 2491 2540 2549 accedat
2579 2492 2811 2551 sacerdos

1623 2569 1703 2626 ad
1728 2570 1926 2639 altare,
1954 2569 2187 2626 indutus
2213 2570 2448 2627 vestibus
2467 2569 2812 2628 sacerdotali-

1624 2648 1738 2719 bus,
1775 2647 1844 2705 in
1880 2647 2074 2704 casula
2104 2648 2293 2720 rubea,
2334 2668 2463 2704 cum
2500 2648 2736 2706 diacono
2769 2654 2812 2704 ct

1622 2726 1959 2783 subdiacono
1986 2733 2035 2782 et
2060 2725 2269 2783 caeteris
2294 2725 2581 2783 minim-is
2607 2725 2810 2796 altaris,

1623 2803 1727 2879 qui
1765 2824 1949 2860 omnes
1999 2804 2117 2861 sint
2161 2803 2305 2861 albis
2356 2824 2487 2860 cum
2531 2805 2813 2862 amictibus

1622 2880 1867 2939 induti.b
1887 2881 1926 2915 ’κ’
1984 2881 2201 2941 Statim
2263 2882 2535 2958 procedat
2584 2883 2814 2959 acolytus

1624 2960 1755 3016 alba
1794 2958 2029 3016 indutus
2054 2960 2134 3016 ad
2165 2959 2454 3034 lcqendum
2493 2958 2816 3019 hanclecti-

1624 3057 1781 3094 onem
1808 3038 1887 3094 ad
1910 3037 2156 3114 qradum
2182 3038 2339 3095 chori
2362 3037 2485 3095 sine
2510 3040 2695 3110 titulo,
2726 3038 2815 3095 hoc

1624 3116 1834 3172 modos
2237 3116 2244 3120 ’

1707 3193 1778 3250 In
1802 3191 2166 3251 tribulatione
2187 3213 2287 3251 sua
2305 3213 2474 3253 mane
2492 3199 2817 3273 consurgent

1624 3271 1698 3329 ad
1750 3292 1842 3329 me
1876 3292 1893 3343 ;
1954 3270 2171 3330 Venite
2224 3280 2285 3329 et
2335 3281 2692 3331 revertamur
2750 3269 2818 3327 ad

1627 3349 1958 3420 Dominum,
1998 3349 2131 3427 quia
2167 3349 2287 3427 ipse
2326 3351 2495 3427 cepit,
2524 3360 2586 3409 et
2612 3349 2817 3409 sanabit

1627 3447 1759 3485 nos:
1802 3428 2099 3505 percutiet,
2128 3437 2187 3486 et
2212 3429 2433 3486 curabit
2459 3449 2580 3486 nos.
2665 3425 2817 3487 Vivi-

1626 3506 1820 3563 ficabit
1845 3525 1946 3564 nos
1974 3514 2102 3584 post
2121 3504 2260 3562 duos
2279 3505 2401 3564 dies
2423 3529 2438 3566 :
2470 3508 2530 3563 in
2548 3507 2644 3566 die
2660 3504 2818 3565 tertia

1626 3584 1915 3642 suscitabit
1940 3603 2059 3655 noS,
2088 3592 2147 3642 et
2165 3582 2418 3641 vivemus
2443 3583 2506 3642 in
2534 3590 2817 3663 conspectu

1627 3662 1764 3740 ejus.
1863 3660 2129 3732 Sciemus,
2171 3680 2585 3741 sequemurque
2611 3674 2676 3721 ut
2700 3679 2819 3738 cog-

1627 3759 1918 3798 noscamus
1946 3740 2256 3798 Dominum
2278 3761 2295 3811 ;
2339 3742 2497 3816 quasi
2523 3738 2818 3799 diluculum

1626 3827 1980 3897 praeparatus
2012 3827 2099 3877 est
2125 3836 2386 3895 egressus·
2400 3819 2541 3897 ejus,
2563 3826 2623 3879 et
2641 3817 2822 3876 veniet

1626 3897 1785 3973 quasi
1858 3896 2044 3955 imber
2106 3895 2265 3954 nobis
2318 3905 2715 3976 temporaneus
2765 3901 2819 3952 et

1625 3974 1907 4034 serotinus
1960 3982 2151 4033 terrae.
2237 3973 2394 4041 Quid
2451 3975 2648 4033 faciam
2701 3971 2818 4040 tibi,

1625 4052 1958 4130 Ephraim?
2024 4052 2162 4129 quid
2206 4050 2409 4110 faciam
2456 4053 2581 4124 tibi,
2626 4050 2819 4111 Judaz

1627 4130 2009 4189 misericordia
2035 4138 2221 4188 vestra
2258 4129 2416 4207 quasi
2442 4134 2617 4189 nubes
2642 4139 2820 4187 matu·

1627 4288 1923 4345 nica—97.
1952 4288 2036 4341 13.
2066 4288 2149 4342 15.
2176 4288 2262 4342 26.
2289 4288 2451 4342 Grad.

1627 4370 1654 4398 ⁰
1687 4360 1820 4415 Osee
1842 4377 1955 4431 cap.
1980 4360 2053 4413 vi.
2081 4364 2150 4413 A.
2179 4358 2251 4429 (v.
2281 4358 2427 4428 1-6.)
