2975 5009
329 221 457 290 195
748 242 969 290 rmuA
1000 239 1078 289 11.

327 396 566 457 dixisset
615 398 724 457 tibi
777 396 1074 478 propheta,
1141 406 1296 457 certe
1356 395 1539 456 facere

331 476 652 536 debueras:
706 486 921 555 quanto
974 477 1153 556 magis
1206 478 1340 555 quia
1391 487 1545 533 nunc

335 554 488 613 dixit
538 555 677 614 tibi:
734 556 971 625 Lavare,
1025 565 1085 613 et
1137 554 1546 614 mundaberis?

338 632 668 705 Descendit,
695 641 757 693 et
779 632 918 692 lavit
953 634 1013 691 in
1040 633 1084 692 J
1087 633 1299 693 ordane
1338 632 1551 724 septies

331 712 504 789 juxta
541 731 860 771 sermonem
894 712 1000 770 viri
1040 711 1170 783 Dei,
1199 720 1258 771 et
1285 719 1553 771 restituta

341 798 428 848 est
453 810 582 849 caro
621 792 760 868 ejuS,
801 791 945 849 sicut
969 811 1098 850 caro
1124 789 1285 869 pueri
1311 788 1552 868 parvuli,

339 876 400 927 et
420 868 724 927 mundatus
752 877 839 927 est
858 889 893 927 a
912 868 1087 947 lepra.
1157 868 1555 944 Reversusque

342 945 416 1004 ad
455 947 640 1004 virum
682 946 794 1006 Dei
834 967 962 1005 cum
992 948 1255 1006 universo
1283 946 1555 1004 comitatu

344 1044 463 1097 suo,
507 1026 684 1096 venit,
714 1034 775 1085 et
801 1025 964 1083 stetit
1002 1044 1188 1083 coram
1227 1045 1311 1096 eo,
1341 1033 1401 1083 et
1431 1024 1554 1096 ait;

349 1102 509 1163 Vere
549 1104 661 1161 scio
686 1103 836 1180 quod
863 1122 978 1161 non
1017 1104 1093 1161 sit
1133 1103 1290 1162 Deus
1314 1102 1454 1161 alius
1496 1101 1555 1159 in

346 1182 611 1240 universa
651 1189 822 1255 terra,
860 1180 968 1239 nisi
1003 1189 1231 1240 tantum
1277 1181 1558 1240 Dominus

348 1257 506 1317 Deus
536 1258 734 1318 Israel.

430 1336 737 1395 Gradale.⁸

421 1414 578 1482 Deus,
627 1413 798 1469 vitam
857 1430 1031 1468 meam
1089 1413 1341 1470 nuntiavi
1401 1414 1502 1469 tibi
1543 1432 1555 1467 ε

348 1483 572 1608 ppsuisti
597 1484 860 1555 lacrymas
884 1503 1028 1540 meas
1052 1485 1110 1537 in
1136 1490 1422 1558 conspectu
1446 1491 1558 1539 tuo·

410 1597 422 1610 .
496 1554 748 1610 Miserere
790 1555 942 1624 mihi,
1004 1556 1246 1625 Domine,
1304 1556 1560 1627 quoniam

347 1626 681 1681 conculcavit
696 1644 782 1681 me
816 1627 977 1681 homo
1024 1647 1036 1680 :
1072 1634 1189 1682 tota
1224 1627 1310 1681 die
1348 1627 1563 1682 bellans

353 1696 636 1752 tribulavit
659 1713 760 1751 me.

436 1768 689 1826 Tractus,
772 1774 1016 1845 Domine,
1078 1791 1190 1829 non
1249 1774 1561 1830 secundum.

355 1867 537 1925 quaere
561 1868 737 1925 supra
775 1846 954 1905 Feria
980 1855 1130 1905 sexta
1150 1848 1405 1928 Quqtuor
1429 1856 1565 1905 tem-

500 1946 574 1982 m.

345 1945 819 2078 Porg'vanyclium
842 2025 860 2061 :
890 2000 1207 2061 Secundum
1233 2001 1504 2061 Lucam.¹³

439 2080 515 2138 In
542 2080 639 2139 illo
664 2090 940 2158 tempore,
971 2082 1259 2138 Dixerunt
1287 2080 1568 2142 Pharisaei

357 2158 432 2216 ad
465 2157 664 2217 Jesum
689 2180 705 2230 ;
739 2158 970 2226 Quanta
994 2158 1307 2217 audivimus
1333 2159 1481 2218 facta
1507 2162 1566 2219 in

358 2236 779 2315 Capharnaum,
805 2235 890 2294 fac
916 2246 976 2297 et
1003 2235 1095 2294 hic
1134 2237 1193 2294 in
1235 2238 1419 2316 patria
1449 2250 1565 2298 tua.

363 2316 474 2374 Ait
524 2322 752 2386 autem3
809 2315 1004 2374 Amen
1044 2315 1171 2373 dico
1217 2317 1389 2388 vobiS,
1437 2320 1571 2396 quia

360 2413 530 2451 nemo
599 2391 839 2469 ropheta
865 2401 1121 2529 acceptus
1158 2402 1243 2452 est
1282 2394 1342 2451 in
1384 2398 1570 2474 patria

362 2489 479 2531 sua.
600 2490 638 2527 n
691 2472 930 2530 veritate
1023 2472 1106 2530 ico
1159 2474 1331 2544 vobis,
1370 2475 1570 2532 multae

361 2549 545 2607 viduae
565 2557 730 2606 erant
754 2548 813 2606 in
842 2550 1038 2609 diebus
1066 2549 1256 2610 Heliae
1284 2553 1341 2608 in
1370 2552 1570 2624 Israel,

362 2627 586 2707 quando
611 2625 857 2685 clausum
880 2637 964 2687 est
983 2627 1182 2687 coelum
1204 2630 1367 2688 annis
1388 2631 1571 2691 tribus

362 2714 423 2766 et
448 2704 730 2763 mensibus
749 2725 885 2766 sex:
914 2726 1041 2765 cum
1063 2709 1211 2766 facta
1230 2716 1379 2767 esset
1392 2709 1572 2768 fames

362 2804 569 2862 magna
598 2783 658 2841 in
700 2785 854 2842 omni
903 2794 1091 2845 terra:
1141 2796 1201 2845 et
1238 2787 1311 2844 ad
1357 2786 1567 2846 nullam

362 2861 586 2922 illarum
614 2862 811 2922 missus
839 2872 926 2923 est
964 2864 1184 2937 Helias,
1221 2864 1329 2923 nisi
1370 2866 1431 2922 in
1472 2865 1571 2925 Sa-

361 2949 583 3019 reptam
609 2938 870 3014 Sidoniae,
899 2944 972 3001 ad
1000 2943 1293 3003 mulierem
1322 2944 1569 3003 viduam.

365 3019 443 3077 Et
482 3018 646 3077 multi
686 3018 896 3098 leprosi
940 3029 1105 3080 erant
1144 3022 1204 3079 in
1246 3021 1426 3081 Israel
1467 3026 1571 3083 sub

363 3095 616 3155 Helisaeo
668 3098 975 3177 propheta:
1044 3109 1103 3158 et
1155 3120 1324 3159 nemo
1378 3120 1572 3161 eorum

361 3176 664 3234 mundatus
691 3185 777 3235 est
802 3177 912 3235 nisi
939 3176 1202 3236 Naaman
1231 3176 1420 3254 Syrus,
1496 3182 1576 3240 Et

365 3254 568 3333 repleti
613 3264 748 3313 sunt
788 3275 982 3314 omnes
1029 3256 1089 3313 in
1138 3275 1423 3335 synagoga
1467 3260 1571 3331 ira,

364 3330 487 3391 haec
540 3331 851 3392 audientes.
935 3333 1015 3392 Et
1068 3344 1459 3407 surrexerunt,
1515 3346 1574 3396 et

360 3406 656 3488 ejecerunt
708 3409 865 3469 illum
933 3420 1099 3470 extra
1150 3412 1457 3485 civitatem,
1514 3423 1574 3474 et

366 3489 658 3547 duxerunt
698 3487 856 3546 illum
883 3509 1059 3566 usque
1098 3489 1169 3546 ad
1212 3492 1573 3570 supercilium

366 3567 597 3637 montiS,
653 3585 823 3643 super
876 3588 1044 3645 quem
1098 3568 1295 3628 civitas
1347 3568 1572 3629 illorum

368 3653 493 3703 erat
520 3643 818 3716 aedificata,
860 3654 925 3703 ut
964 3645 1389 3736 praecipitarent
1423 3670 1572 3708 eum.

366 3721 400 3779 I
441 3741 501 3781 se
568 3730 758 3780 autem
813 3732 1113 3795 translens,
1168 3743 1271 3803 per
1321 3728 1573 3785 medium

367 3799 408 3857 il
432 3820 592 3858 orum
618 3799 755 3858 ibat.

440 3877 854 3955 Offe‘rtoriums³

434 3953 663 4025 Exaudi,
691 3955 850 4027 Deus,
889 3955 1182 4011 orationem
1211 3975 1400 4029 meam,
1429 3967 1484 4014 et
1506 3979 1576 4016 ne

364 4121 391 4153 ⁸
426 4115 513 4169 Ps.
542 4113 613 4197 ly.
640 4114 753 4186 (lvi.
783 4115 832 4186 7,
861 4115 910 4184 8,-
942 4115 1015 4188 1.)
1174 4147 1177 4152 ·

364 4187 393 4296 2
428 4186 1161 4330 a?·11¹3.·<¹1³÷.<{;{‚³-2?2?s.›

366 4328 396 4366 u
415 4328 503 4410 ·V‚
577 4326 691 4411 Ego
736 4334 918 4383 autem
974 4330 1044 4384 ad
1087 4330 1258 4385 Deum
1307 4330 1537 4387 clamavi
1563 4352 1575 4400 ;

367 4398 560 4455 Libera
568 4415 805 4454 ammam
822 4416 995 4455 meam
1014 4406 1069 4455 et
1082 4402 1339 4455 extendas
1353 4418 1577 4456 manum

1346 240 1519 288 Pos'l*
1566 240 1801 290 ocULI.

2100 241 2325 290 mam
2361 242 2468 289 111.
2744 224 2868 290 196

1655 395 1955 468 despexeris
1976 396 2399 469 deprecationem
2419 414 2596 453 meam
2621 398 2874 455 :intende

1657 468 1715 521 in
1743 485 1830 522 me
1848 474 1903 523 et
1926 468 2122 523 exaudi
2144 486 2246 523 me.

1671 538 1730 591 V.
1806 538 2171 593 Conturbatus
2185 557 2304 592 sum
2330 558 2364 594 a
2387 555 2513 593 voce
2536 539 2750 595 inimici
2773 547 2824 594 et
2840 559 2875 593 a
2957 553 2958 574 ³

1660 608 2010 664 tribulatione
2047 610 2337 682 peccatoris
2377 629 2389 662 :
2429 616 2484 664 et
2527 612 2874 684 expectabam

1661 680 2017 809 ευηὲθςέἳέἰὲιθ
2040 681 2247 735 salvum
2273 679 2521 766 facerem

1742 829 1958 888 Munus
1994 830 2145 907 quod
2185 829 2311 902 tibi,
2355 831 2623 901 Domine,
2665 839 2877 889 nostrae

1666 908 1954 967 servitutis
1983 908 2296 980 offerimuS,
2339 916 2402 967 tu
2443 908 2688 968 salutare
2720 912 2882 968 nobis

1668 985 1877 1066 perfice
1894 996 2328 1046 sacramentum.
2413 987 2528 1047 Per
2545 986 2882 1046 Dominum.

1746 1063 2042 1142 Praefatio.
2125 1064 2241 1133 Qui
2267 1065 2544 1145 corporali
2564 1066 2811 1145 jejunio·

1754 1142 2136 1201 Communio.⁶

1741 1220 1874 1285 Quis
1911 1221 2063 1275 dabit
2109 1238 2176 1274 ex
2211 1221 2340 1275 Sion
2381 1221 2619 1276 salutare
2653 1221 2838 1277 Israel
2877 1244 2886 1274 :
2959 1249 2960 1274 ι

1670 1307 1794 1345 cum
1855 1289 2107 1345 averterit
2189 1291 2448 1345 Dominus
2514 1292 2889 1364 captivitatem

1671 1361 1842 1484 plebis
1864 1380 1992 1433 suae,
2019 1362 2287 1417 exultabit
2308 1362 2479 1417 Jacob
2517 1370 2573 1418 et
2609 1363 2892 1420 laetabitur
2959 1359 2960 1362 '

1702 1432 1853 1487 srael.

1754 1504 2224 1563 PostcommuniO.

1756 1582 1993 1655 Praesta,
2040 1602 2376 1660 quaesumus,
2425 1583 2803 1663 omnipotens
2845 1595 2894 1645 et

1676 1660 1991 1720 misericors
2029 1661 2203 1733 Deus,
2244 1668 2309 1719 ut
2353 1680 2480 1739 quse
2530 1682 2627 1722 ore
2669 1666 2894 1723 contin-

1719 1741 1879 1832 imus,
1934 1761 2076 1819 pura
2128 1749 2321 1800 mente
2374 1740 2677 1819 capiamus.
2789 1742 2896 1803 Per

1740 1839 2008 1876 ominum.

1758 1895 1944 1973 Super
1959 1896 2255 1975 populum.

1758 1974 2077 2110 gumiliate
2104 1976 2292 2055 capita
2315 1986 2505 2035 vestra
2531 1976 2680 2035 Deo.

1813 2055 1982 2113 ratio.

1762 2130 2070 2192 Subveniat
2123 2134 2305 2203 nobiS,
2370 2152 2726 2210 quaesumus,
2791 2137 2897 2197 Do·
2961 2135 2962 2204 J

1682 2211 1854 2281 mine,
1872 2210 2257 2270 misericordia
2275 2222 2390 2285 tua,
2410 2221 2478 2271 ut
2496 2215 2569 2272 ab
2588 2213 2898 2275 imminen·
2961 2235 2962 2240 ’

1681 2289 1832 2347 tibus
1874 2301 2224 2368 peccatorum
2266 2300 2590 2350 nostrorum
2629 2294 2901 2371 periculis

1684 2377 1742 2425 fe
1809 2388 2130 2427 mereamur
2195 2378 2533 2448 protegente
2599 2374 2782 2452 eripi,
2850 2384 2900 2433 te

1684 2445 1960 2506 liberante
1986 2446 2206 2506 salvari.
2290 2449 2405 2508 Per
2435 2451 2784 2511 Dominum.

1786 2604 1999 2677 Feria
2027 2606 2231 2678 teriia
2249 2620 2414 2701 post
2447 2607 2687 2684 Oculi.

1766 2703 1875 2760 Ad
1898 2703 2164 2763 Missam.
2247 2705 2560 2781 Officium!

1763 2780 1887 2860 Ego
1912 2781 2146 2841 clamavi
2172 2785 2437 2860 quoniam
2475 2786 2772 2847 exaudisti
2799 2809 2900 2856 me,

1687 2860 1878 2932 Deus3
1927 2860 2137 2920 inclina
2174 2883 2367 2921 aurem
2409 2873 2570 2922 tuam
2600 2873 2661 2925 et
2691 2868 2902 2926 exaudi
2963 2875 2965 2928 i

1687 2940 1859 2997 verba
1895 2959 2059 3000 mea:
2103 2941 2317 2999 custodi
2357 2963 2468 3013 me,
2514 2942 2797 3017 Domine,
2845 2954 2904 3002 ut

1686 3016 1969 3094 pupillam.
2010 3018 2190 3079 oculi:
2258 3022 2361 3079 sub
2413 3023 2620 3080 umbra
2679 3022 2903 3083 alarum

1685 3105 1911 3153 tuarum
1940 3104 2174 3176 protege
2202 3119 2313 3157 me.

1764 3174 2083 3232 Psalmus.s

1756 3250 1982 3321 Exaudi,
2048 3252 2290 3323 Domine,
2340 3253 2616 3326 justitiam
2669 3272 2857 3313 meam
2896 3277 2906 3308 ε

1682 3321 1906 3377 intende
1929 3323 2352 3394 deprecationem
2378 3342 2571 3380 meam.

1765 3394 2082 3453 Flectamus
2099 3416 2301 3475 genua.
2383 3398 2619 3458 Levate.

1769 3472 1989 3530 Oratio,

1768 3551 1994 3611 Exaudi
2028 3571 2150 3624 nos,
2179 3554 2540 3632 omnipotens
2580 3562 2640 3614 et
2681 3556 2909 3618 miseri·

1687 3648 1809 3688 cors
1863 3629 2060 3702 Deus3
2108 3639 2169 3689 et
2220 3632 2589 3691 continentiae
2639 3633 2911 3695 salutaris

1728 3707 1964 3799 ropitius
2020 3708 2181 3768 nobis
2232 3710 2383 3771 dona
2432 3711 2693 3771 concede.
2795 3715 2913 3775 Per

1749 3805 2018 3845 ominum.

1763 3864 1956 3923 Lectio
1984 3864 2121 3922 libri
2143 3864 2412 3940 &quamn

1768 3942 1841 4000 In
1867 3943 2065 4002 diebus
2093 3941 2222 4016 illis,
2250 3945 2467 4006 Mulier
2493 3946 2762 4024 quaedam
2800 3948 2915 4010 cla-

1692 4127 1843 4177 tuam
1867 4121 1928 4176 in
1951 4123 2295 4181 retribuendo
2318 4125 2602 4181 illis—94.
2631 4124 2720 4181 97.
2767 4165 2775 4170 -

1692 4201 1717 4232 0
1755 4193 1841 4248 Ps.
1869 4192 1982 4249 xiii.
2012 4195 2141 4267 (xiv.
2171 4198 2245 4269 7.)

1691 4262 1713 4301 f
1745 4264 1817 4318 Ps
1840 4264 1946 4319 xvi.
1976 4265 2125 4334 (xvii.
2154 4266 2202 4337 6,
2231 4266 2306 4337 8.)

1691 4343 1719 4381 8
1754 4335 1823 4389 ib.
1854 4336 1924 4406 (v.
1955 4335 2028 4407 1.)

1692 4405 1721 4442 ¹¹
1757 4406 1793 4457 4
1818 4404 1945 4476 Reg.
1974 4422 2086 4477 cap.
2114 4406 2182 4461 iv.
2211 4407 2280 4461 A.
2310 4408 2380 4479 (v.
2412 4407 2555 4479 1-7.)
