2975 5009
121 269 262 333 485
298 285 466 332 ΗΕΒ.
494 282 669 333 Pos‘r
700 284 763 331 n.
790 284 949 334 v111.
982 284 1171 334 Posr.
1201 286 1394 334 manv.

121 451 245 514 tua,
298 441 525 501 abscide
571 439 771 500 illam:
834 443 1047 501 bonum
1096 450 1185 500 est
1237 443 1345 501 tibi

121 518 381 580 debilem
409 521 630 578 intrare
657 520 717 577 in
744 538 987 599 regnum
1019 521 1147 591 Dei,
1211 541 1343 580 uam

122 599 267 657 duas
312 618 517 656 manus
560 597 868 656 habentem
906 599 991 657 ire
1026 598 1086 655 in
1126 539 1341 678 gelien-

125 698 284 750 nam,
316 677 380 734 in
418 677 612 756 ignem
654 676 1190 756 inextinguibilem:
1245 678 1344 737 ubi

124 756 342 815 vermis
397 775 593 814 eorum
641 774 756 814 non
801 755 1045 814 moritur
1089 766 1150 815 et
1196 756 1343 836 ignis

124 854 240 893 non
312 834 694 912 extinguitur.
798 833 879 892 Et
943 834 991 893 si
1058 852 1159 913 pes
1212 845 1343 895 tuus

123 912 478 971 scandalizat
504 920 585 982 te,
612 920 846 991 amputa
872 911 1032 970 illum
1056 934 1070 970 ε
1127 915 1340 972 bonum

124 1001 209 1050 est
265 991 378 1051 tibi
432 989 694 1049 claudum
746 989 988 1051 introire
1042 992 1106 1069 in
1161 992 1338 1050 vitam

123 1079 425 1141 aeternam,
453 1088 626 1147 quam
653 1069 793 1128 duos
828 1069 1002 1148 pedes
1031 1069 1336 1131 habentem

1664 283 1836 334 non.
1871 283 1969 332 IX.
2005 282 2178 332 Pos'r
2212 283 2411 332 vrum.
2541 269 2674 334 486

1456 442 1612 501 mitti
1653 443 1714 500 in
1758 440 2081 535 gehennam
2128 440 2277 519 ignis
2318 440 2670 520 inextingui-

1456 520 1622 581 bilis:
1680 523 1779 579 ubi
1821 520 2028 579 vermis
2055 539 2250 578 eorum
2279 539 2394 577 non
2422 521 2668 578 moritur

1455 607 1516 659 et
1581 599 1730 679 ignis
1797 618 1912 656 non
1980 598 2355 677 extinguitur.
2470 597 2552 656 Et
2617 598 2666 657 si

1455 677 1646 737 oculus
1686 687 1815 736 tuus
1842 676 2187 735 scandalizat
2226 685 2303 749 te,
2333 695 2467 735 erue
2494 695 2622 734 eum
2648 697 2660 734 ε

1455 758 1668 815 bonum
1723 764 1811 815 est
1865 755 1973 814 tibi
2039 755 2253 814 luscum
2308 755 2549 814 introire
2600 755 2662 811 in

1454 855 1696 915 regnum
1744 835 1875 906 Dei,
1923 854 2093 912 quam
2138 835 2280 892 duos
2326 831 2513 891 oculos
2561 832 2663 890 ha-

1454 915 1687 974 bentem
1714 914 1870 971 mitti
1897 913 1960 970 in
1985 912 2307 993 gehennam
2336 911 2520 991 ignis:
2562 912 2657 970 ubi

1452 992 1663 1053 vermis
1708 1012 1903 1051 eorum
1945 1011 2062 1050 non
2105 991 2364 1063 moritur,
2409 997 2469 1050 et
2509 989 2659 1070 ignis

1453 1091 1568 1129 non
1597 1071 1973 1151 extinguitur.

689 1374 1076 1460 Dominica
1142 1389 1359 1461 Nona
1411 1402 1577 1484 post
1650 1390 2082 1462 Tvdnitatem.

195 1596 307 1655 Ad
332 1593 602 1654 Missam.
685 1592 994 1673 Officium.⁸

199 1676 356 1735 Ecce
386 1676 541 1732 Deus
567 1674 798 1751 adjuvat
825 1694 936 1744 me,
966 1683 1026 1733 et
1051 1673 1333 1733 Dominus

119 1761 417 1831 susceptor
437 1761 525 1811 est
549 1753 755 1811 animes
786 1773 946 1823 meae,
968 1764 1161 1812 averte
1183 1753 1333 1813 mala

120 1831 367 1889 inimicis
395 1830 571 1889 meis:
599 1840 675 1889 ,et
713 1832 773 1888 in
800 1831 1038 1890 veritate
1079 1840 1180 1889 tua
1215 1833 1328 1891 dis-

119 1911 299 1988 perde
328 1908 473 1980 illos,
501 1918 787 1987 protector
813 1929 990 1981 meus,
1019 1911 1286 1970 Domine.

191 1987 519 2046 balmas)

184 2065 353 2132 Deus,
381 2065 440 2116 in
465 2063 686 2119 nomine
720 2069 816 2118 tuo
849 2063 1058 2119 sdvnm
1093 2082 1179 2119 me
1202 2065 1287 2120 fac
1314 2085 1326 2119 ε

113 2141 170 2190 et
191 2137 256 2189 in
283 2136 490 2190 virtute
513 2140 611 2189 tua
633 2135 804 2190 libera
827 2152 928 2189 me.

199 2208 424 2266 OratiO.

191 2286 443 2365 Largire
484 2285 661 2356 nobis»,
687 2304 1028 2362 quaesumus,
1057 2285 1323 2357 Domine,

111 2384 344 2444 semper
385 2363 651 2442 spiritum
676 2363 962 2439 cogitandi
1000 2384 1128 2442 quae
1170 2372 1326 2423 recta

112 2455 267 2516 sunt,
295 2442 578 2522 propitius
604 2450 664 2500 et
698 2443 943 2519 agendi3
988 2453 1051 2500 ut
1078 2442 1174 2519 qui
1200 2442 1323 2502 sine

111 2531 170 2581 te
217 2543 346 2582 esse
393 2541 509 2579 non
554 2539 862 2598 possumus,
911 2521 1219 2580 secundum
1261 2530 1322 2580 te

112 2601 306 2661 vivere
336 2598 636 2658 valeamus.
719 2598 851 2657 Per.

189 2680 298 2738 Ad
329 2677 701 2738 Corinthios.⁰

189 2760 449 2828 FratreS,
477 2755 611 2814 Non
652 2754 826 2813 simus
866 2753 1320 2832 concupiscentes

109 2836 414 2906 malorum,
462 2833 606 2893 sicut
658 2845 719 2894 et
765 2832 845 2891 illi
894 2832 1316 2912 concupierunt.

106 2915 318 2994 Neque
361 2913 620 2972 idolatrae
646 2911 985 2982 efficiamini,
1015 2912 1156 2969 sicut
1196 2912 1317 2989 qui-

105 2994 242 3052 dam
281 3015 359 3053 ex
405 2992 576 3070 ipsis:
631 2990 1104 3069 quemadmodum
1143 2991 1318 3068 scrip·

104 3081 233 3130 tum
262 3081 384 3132 est:
428 3071 594 3131 Sedit
627 3068 865 3148 populus
894 3069 1230 3127 manducare
1257 3077 1318 3129 et

102 3152 328 3224 bibere,
349 3158 407 3210 et
430 3161 802 3207 surrexerunt
820 3146 1034 3206 ludere.
1108 3146 1316 3224 Neque

99 3229 476 3300 fornicemur,
494 3228 636 3286 sicut
654 3226 885 3303 quidam
902 3244 973 3283 ex
991 3224 1125 3303 ipsis
1139 3223 1314 3283 forni-

97 3309 217 3368 cati
248 3317 406 3378 sunt,
427 3315 488 3365 et
512 3305 837 3365 ceciderunt
862 3323 975 3361 una
993 3303 1085 3361 die
1111 3304 1166 3360 vi
1210 3302 1315 3361 'nti

97 3388 221 3445 tria
257 3385 458 3444 millia.
543 3383 751 3462 Neque
791 3390 1078 3441 tentemus
1120 3381 1167 3441 C
1211 3382 1315 3440 ris-

94 3476 254 3538 tum,
289 3466 436 3523 sicut
456 3462 686 3542 quidam
708 3480 905 3520 eorum
927 3468 1314 3532 tentaverunt,

95 3555 158 3604 et
203 3566 246 3602 a
290 3542 651 3621 serpentibus
697 3541 1011 3618 perierunt.
1110 3536 1316 3615 Neque

95 3619 619 3691 murmuraveritis,
661 3618 804 3676 sicut
846 3616 1072 3695 quidam
1120 3636 1315 3675 eorum

92 3707 632 3768 murmuraverunt,
671 3705 732 3756 et
770 3697 1065 3775 perierunt
1103 3697 1175 3753 ab
1216 3715 1317 3754 ex-

91 3780 504 3839 terminatore.
607 3775 755 3833 Haec
793 3783 985 3834 autem
1026 3773 1216 3832 omnia
1253 3773 1313 3832 in

90 3860 296 3938 figura
327 3855 737 3931 contingebant
762 3850 894 3910 illis:
937 3852 1149 3930 scripta
1175 3850 1313 3909 ‘¹au-

85 3950 221 3999 tem
293 3943 431 3995 sunt
503 3932 626 3992 haec
664 3929 694 3968 ‘¹
758 3930 831 3987 ad
896 3930 1311 4006 correptionem

83 4025 382 4085 nostram,
410 4014 473 4072 in
512 4031 651 4148 quos
684 4009 828 4068 fines
856 4007 1186 4067 saeculorum
1214 4008 1312 4066 de-

87 4101 408 4156 venerunt.
550 4100 719 4172 taque
772 4087 869 4165 qui
921 4108 980 4146 se
1025 4086 1314 4145 existimat

75 4314 104 4343 ⁸
148 4304 254 4356 Ps.
284 4298 382 4353 liii.
412 4297 528 4370 (liv.
555 4296 605 4365 4,
634 4295 708 4368 5.)

76 4378 105 4416 b
146 4374 235 4429 ib.
272 4372 343 4443 (v.
373 4370 448 4440 1.)

72 4460 95 4487 0
144 4448 177 4500 1
211 4442 296 4498 ad
319 4440 436 4495 Gor.
463 4455 578 4510 cap.
604 4454 656 4491 x.
684 4434 746 4490 B.
781 4437 852 4506 (v.
881 4433 1063 4503 6-13.)

69 4521 97 4557 d
141 4518 301 4572 sunt
357 4517 542 4565 autem
605 4505 895 4562 haec-97.
962 4503 1043 4557 15.
1130 4507 1313 4557 autom

543 4582 667 4645 31*

1444 1608 1615 1674 stare,
1643 1601 1831 1659 videat
1870 1618 1942 1657 ne
1980 1596 2164 1655 cadat.
2245 1592 2510 1654 Tentatio
2550 1614 2647 1653 vos

1445 1699 1562 1736 non
1586 1677 1998 1759 apprehendat,
2020 1675 2129 1733 nisi
2154 1672 2428 1733 humana:
2460 1672 2646 1731 fidelis

1441 1766 1633 1818 autem
1678 1759 1831 1816 Deus
1858 1763 1962 1825 est,
1989 1755 2085 1833 qui
2118 1772 2231 1810 non
2270 1752 2519 1831 patietur
2547 1772 2644 1810 vos

1442 1837 1658 1896 tentari
1703 1855 1877 1914 supra
1922 1834 1981 1892 id
2033 1831 2183 1911 quod
2234 1830 2489 1922 potestiS,
2542 1830 2642 1887 sed

1439 1916 1610 1975 faciet
1653 1935 1781 1974 cum
1826 1912 2140 1972 tentatione
2178 1917 2352 1970 etiam
2399 1928 2642 1986 proven-

1439 2003 1586 2065 tum,
1612 2002 1678 2052 ut
1705 1993 1931 2072 possitis
1955 1990 2253 2049 sustinere.

1523 2073 1827 2131 &adalae

1511 2150 1742 2205 Domine
1762 2148 2023 2203 Dominus
2040 2151 2222 2200 noster
2248 2163 2259 2197 ε
2285 2159 2451 2214 quam
2468 2140 2634 2196 admi·

1438 2222 1610 2276 rabile
1627 2228 1707 2276 est
1731 2236 1928 2275 nomen
1948 2224 2104 2273 tuum
2124 2217 2185 2269 in
2211 2214 2461 2269 universa
2484 2219 2641 2271 terra.

1450 2292 1511 2346 V.
1609 2290 1877 2358 Quoniam
1902 2289 2109 2345 elevata
2133 2294 2215 2342 est
2237 2284 2644 2357 magnificentia

1437 2369 1536 2417 tua
1557 2379 1717 2434 super
1738 2361 1913 2417 coelos.

1507 2434 1782 2505 Alleluya.
1834 2432 1893 2486 V.
1966 2428 2251 2483 Exsultate
2269 2427 2381 2481 Deo
2404 2425 2638 2497 adjutori

1434 2511 1619 2561 nostro
1646 2525 1657 2558 :
1675 2504 1912 2575 jubilate
1936 2502 2048 2555 Deo
2070 2499 2258 2567 Jacob,
2278 2498 2476 2553 sumite
2499 2497 2640 2569 psal·

1434 2594 1585 2630 mum
1603 2575 1907 2647 jocundum
1928 2589 2051 2626 cum
2076 2571 2299 2625 cithara.

1517 2647 1837 2706 Secundum
1864 2643 2130 2703 lamam!

1515 2727 1589 2785 In
1617 2725 1717 2784 illo
1755 2734 2034 2802 tempore,
2065 2719 2230 2778 Dixit
2269 2718 2313 2777 J
2315 2737 2441 2778 esus
2468 2717 2635 2776 disci-

1432 2803 1580 2882 pulis
1632 2805 1744 2862 suis
1797 2800 2116 2881 parabolam
2171 2796 2317 2855 hanc
2355 2818 2371 2868 ;
2441 2797 2638 2855 Homo

1431 2885 1662 2961 quidam
1703 2891 1828 2942 erat
1865 2880 2025 2939 dives
2064 2876 2161 2955 qui
2203 2875 2447 2933 habebat
2486 2874 2634 2931 villi-

1429 2982 1581 3033 cum,
1608 2970 1669 3021 et
1707 2961 1800 3021 hic
1825 2959 2151 3019 diffamatus
2178 2964 2264 3013 est
2289 2954 2440 3031 apud
2473 2952 2632 3011 illum

1428 3042 1589 3119 quasi
1653 3040 1979 3118 dissipasset
2044 3037 2194 3095 bona
2256 3033 2447 3111 ipsius.
2552 3032 2635 3091 Et

1429 3120 1647 3179 vocavit
1696 3118 1878 3189 illum,
1918 3125 1977 3175 et
2028 3113 2110 3173 ait
2151 3110 2264 3169 illi:
2327 3110 2478 3178 Quid
2527 3108 2633 3169 hoc

1426 3200 1595 3258 audio
1645 3200 1719 3257 de
1772 3199 1877 3256 te?
1929 3192 2105 3252 redde
2156 3190 2438 3248 rationem
2487 3188 2633 3246 villi-

1426 3277 1661 3336 cationis
1702 3284 1819 3335 tuae
1847 3295 1858 3332 z
1914 3275 2038 3351 jam
2074 3268 2224 3329 enim
2269 3287 2385 3326 non
2420 3267 2634 3345 poteris

1428 3355 1695 3415 villicare.
1778 3353 1890 3413 Ait
1915 3360 2105 3410 autem
2128 3345 2341 3405 villicus
2369 3347 2523 3404 intra
2542 3366 2630 3405 se:

1432 3435 1588 3503 Quid
1609 3433 1829 3505 faciam,
1851 3432 1983 3510 quia
1998 3428 2258 3487 dominus
2275 3444 2432 3484 meus
2445 3426 2631 3484 aufert

1427 3534 1462 3571 a
1489 3535 1582 3573 me
1611 3510 2051 3571 villicationem?
2091 3505 2284 3567 fodere
2313 3524 2425 3562 non
2453 3502 2628 3575 valeo,

1430 3593 1750 3651 mendicare
1767 3592 2047 3650 erubesco.
2114 3584 2241 3646 Scio
2256 3583 2392 3662 quid
2408 3582 2629 3659 faciam,

1428 3680 1495 3730 ut
1536 3693 1663 3731 cum
1709 3677 1931 3729 amotus
1977 3666 2139 3725 fuero
2185 3683 2221 3721 a
2272 3661 2630 3735 villicatione,

1426 3751 1706 3829 recipiant
1732 3769 1824 3807 me
1850 3747 1911 3804 in
1937 3745 2133 3804 domos
2159 3761 2304 3800 suas.
2410 3741 2630 3801 Convo-

1426 3831 1565 3888 catis
1586 3830 1777 3905 itaque
1798 3822 2030 3903 singulis
2049 3820 2398 3880 debitoribus
2415 3820 2631 3880 domini

1425 3909 1531 3979 sui,
1579 3908 1802 3969 dicebat
1840 3903 2059 3982 primo:
2121 3899 2414 3966 Quantum
2457 3900 2631 3958 debes

1425 3987 1655 4044 domino
1682 3984 1843 4042 meo?
1930 3982 2016 4038 At
2041 3976 2136 4035 ille
2160 3977 2339 4037 dixit:
2381 3976 2628 4036 Centum

1425 4066 1592 4123 cados
1643 4063 1768 4120 olei.
1877 4057 2157 4132 Dixitque
2219 4053 2343 4113 illi:
2413 4053 2634 4134 Accipe

1425 4280 1729 4338 sunt.—92.
1757 4278 1842 4332 98.
1916 4280 2046 4327 sunt
2074 4271 2413 4325 autem—V.

1427 4365 1450 4392 e
1489 4354 1576 4406 Ps.
1604 4353 1715 4407 viii.
1744 4350 1843 4420 (1.)
1870 4346 2016 4398 lxxx.
2046 4342 2237 4412 (lxxxi.
2272 4341 2315 4411 l,
2343 4342 2419 4412 2.)

1427 4425 1446 4463 ¹
1492 4441 1606 4497 cap.
1634 4423 1740 4477 xvi.
1770 4421 1839 4473 A.
1868 4417 1940 4489 (v.
1971 4412 2115 4485 1-9.)
