2975 5009
163 242 268 308 373
531 258 755 306 raam
786 259 886 307 ιν.

158 414 315 472 tanda
350 414 644 493 perceptio
684 415 744 471 in
791 434 996 472 novam
1037 413 1342 475 transferat

159 504 467 551 creaturam.
554 492 669 552 Per
694 492 1027 551 Dominum.

237 727 444 801 Feria
475 730 730 823 quinta
751 740 914 822 post
943 729 1246 803 Pascha.

218 826 310 883 Ad
336 827 606 883 Missam.
692 826 999 901 Officium*

184 903 520 973 ,Victricem
571 925 802 962 manum
850 913 1025 977 tuam,
1069 903 1333 978 Domine,

158 978 502 1042 laudaverunt
565 983 798 1060 pariter,
856 982 1095 1058 alleluya
1126 1002 1138 1039 ε
1203 986 1337 1060 quia

157 1060 403 1138 sapientia
442 1063 672 1138 aperuit
712 1081 771 1119 os
816 1071 1071 1120 mutum:
1121 1069 1181 1119 et
1221 1062 1331 1118 lin-

155 1152 268 1275 gulis?
290 1139 598 1199 infantium
635 1138 768 1207 fecit
793 1140 1047 1213 disertas,
1074 1139 1332 1217 alleluya,

214 1237 240 1274 e
260 1240 381 1294 uya.

218 1297 528 1354 Psalmus.b

211 1373 544 1428 Confitemini
571 1372 814 1442 Domino,
843 1372 1096 1443 quoniam
1123 1373 1325 1428 bonus:

156 1446 384 1512 quoniam
409 1445 470 1497 in
495 1444 751 1499 saeculum
780 1444 1138 1499 misericordia
1160 1445 1291 1516 ejus,

221 1515 429 1574 Oratio.

218 1591 383 1665 DeuS‚
412 1593 510 1673 qui
550 1594 941 1654 diversitatem
981 1594 1236 1671 gentium
1267 1594 1325 1652 in

156 1671 471 1731 confessione
511 1674 597 1731 tui
636 1674 883 1731 nominis
914 1673 1208 1731 adunasti:
1251 1673 1326 1730 da

154 1759 208 1808 ut
245 1754 446 1811 renatis
488 1749 648 1810 fonte
695 1752 1047 1829 baptismatis
1087 1771 1201 1808 una
1251 1751 1327 1810 sit

155 1828 274 1888 fides
323 1831 602 1888 mentium
657 1839 716 1889 et
775 1831 957 1908 pietas
1017 1831 1320 1888 actionum.

154 1905 248 1966 Per
272 1908 596 1966 Dominum.

214 1986 392 2043 Lectio
416 1987 670 2044 Actuum
698 1985 1146 2063 Apostolorum.⁰

217 2064 282 2121 In
308 2065 501 2123 diebus
528 2064 658 2135 illis,
688 2064 947 2141 Angelus
976 2065 1207 2122 Domini
1240 2064 1321 2123 lo-

152 2151 288 2200 cutus
306 2154 389 2202 est
414 2145 488 2201 ad
516 2142 866 2221 Philippum,
883 2142 1074 2202 dicens
1084 2164 1100 2215 ;
1139 2144 1319 2222 Surge

154 2229 204 2278 et
236 2223 367 2280 vade
407 2231 604 2280 contra
645 2220 1022 2279 meridianum
1061 2222 1132 2278 ad
1170 2221 1318 2279 viam

151 2316 258 2373 quae
286 2299 571 2358 descendit
597 2301 667 2358 ab
695 2299 1058 2358 Hierusalem
1085 2299 1145 2357 in
1172 2298 1320 2358 Gaz-

152 2395 252 2434 am:
272 2376 386 2436 haec
406 2385 493 2436 est
511 2379 753 2436 deserta.
803 2378 881 2436 Et
900 2397 1134 2457 surgens
1159 2379 1317 2437 abiit.

154 2454 220 2513 Et
242 2476 356 2515 ecce
383 2457 468 2515 vir
495 2456 695 2515 AEthio
735 2476 761 2513 s
802 2456 1088 2515 eunuchus
1120 2467 1320 2534 potens

151 2533 394 2594 candacis
435 2536 652 2614 reginae
763 2533 1038 2613 thiopum,
1074 2536 1323 2612 quierat

151 2631 294 2691 super
331 2634 523 2673 omnes
561 2632 729 2691 gazas
765 2613 902 2689 ejuS,
945 2622 1178 2671 venerat
1222 2614 1320 2672 ad-

153 2710 290 2750 orare
314 2693 370 2749 in
401 2691 762 2751 Hierusalem
787 2714 800 2750 :
845 2700 903 2750 et
930 2694 1320 2751 revertebatur

152 2770 324 2829 sedens
348 2792 515 2850 super
556 2790 783 2828 currum
811 2790 993 2841 suum,
1022 2768 1322 2847 legensque

152 2845 332 2906 Isaiam
370 2848 725 2928 prophetam.
829 2848 995 2906 Dixit
1034 2847 1057 2879 ‘¹
1078 2857 1268 2906 autem
1292 2846 1321 2885 ‘¹

151 2923 365 3003 Spiritus
393 2928 690 3005 Philipp03
736 2927 964 2985 Accede
992 2934 1050 2985 et
1076 2928 1319 3005 adjunge

148 3015 196 3062 te
224 3006 289 3062 ad
322 3027 549 3064 currum
588 3007 778 3064 istum.
857 3006 1182 3064 Accurrens
1220 3027 1318 3063 au-

147 3091 247 3140 tem
285 3085 594 3164 Philippus,
623 3084 836 3143 audivit
863 3104 992 3141 eum
1034 3083 1320 3160 legentem

149 3158 327 3219 Isaiam
360 3162 716 3242 prophetam,
746 3173 805 3220 et
845 3162 1027 3233 dixit3
1071 3162 1319 3220 Putasne

147 3238 385 3320 intelligis
434 3263 565 3320 quae
618 3240 803 3318 legis?
905 3241 1022 3308 Qui
1076 3241 1191 3313 ait;
1242 3241 1320 3299 Et

148 3321 395 3392 quomodo
433 3340 657 3398 possum
689 3329 713 3356 e
734 3317 1095 3398 i11telligere,⁶
1130 3320 1174 3377 si
1205 3340 1317 3376 non

147 3394 318 3475 aliquis
344 3398 659 3458 ostenderit
698 3397 884 3456 mihi?
966 3396 1319 3475 Rogavitque

150 3472 448 3556 Philippum
496 3484 563 3535 ut
616 3475 943 3534 ascenderet
990 3484 1049 3534 et
1096 3477 1318 3534 sederet

147 3570 322 3613 secum.
394 3555 580 3613 Locus
601 3563 789 3612 autem
813 3554 1121 3632 Scripturee
1148 3573 1317 3630 quarn

147 3627 357 3709 legebat,
384 3633 480 3691 hic
521 3642 682 3693 erat:
731 3633 1046 3709 Tamquam
1089 3633 1205 3690 ovis
1246 3634 1316 3690 ad

148 3712 446 3772 occisionem
490 3712 688 3770 ductus
730 3721 832 3782 est,
872 3721 931 3770 et
958 3712 1102 3768 sicut
1141 3731 1318 3788 agnus

147 3805 305 3848 eoram
344 3790 622 3849 tondente
651 3810 710 3848 se
751 3790 870 3848 sine
906 3809 1052 3858 voce,
1082 3789 1160 3847 sic
1203 3809 1316 3846 non

145 3871 338 3955 aperuit
366 3889 427 3927 os
453 3888 635 3926 suum.
717 3867 789 3927 In
818 3866 1139 3926 humilitate
1161 3867 1316 3944 judi-

144 3963 264 4005 cium
286 3949 402 4027 ejus
419 3945 700 4005 sublatum
722 3955 825 4006 est.
870 3945 1314 4005 Generationem

144 4023 239 4100 ejus
274 4028 398 4103 quis
438 4025 745 4095 enarrabit,
782 4024 1047 4102 quoniam
1085 4022 1320 4083 tolletur

141 4101 197 4160 de
212 4113 360 4164 terra
384 4104 503 4163 vita
522 4104 676 4182 ejus?
733 4103 1106 4183 Respondens
1125 4110 1315 4162 autem

141 4226 163 4328 ἰ
189 4221 445 4347 {2231}ss
454 4220 736 4415 gateih
744 4218 836 4361 3¹·

142 4371 166 4469 Ξ
189 4380 291 4434 cap.
304 4363 443 4486 232
487 4362 618 4485 98(v.
645 4359 870 4431 26-40.)

143 4512 163 4539 e
193 4451 516 4559 &habent
540 4474 624 4556 9‘2.
654 4502 739 4557 97.
767 4501 851 4557 98.
881 4500 976 4554 4L.
1006 4499 1071 4553 v.

544 4575 668 4637 24*

1173 261 1340 308 Pos'r
1376 260 1675 309 PASOHA.

1965 263 2183 311 raam
2216 264 2281 311 v.
2546 247 2675 314 374

1458 416 1747 477 eunuchus
1773 418 1922 476 dixit
1950 416 2252 496 Philipp03
2308 419 2558 479 Obsecro
2583 428 2661 489 te,

1456 496 1529 555 de
1556 515 1667 572 quo
1698 497 1981 575 propheta
2004 497 2144 555 dicit
2183 496 2325 568 hoc;
2373 499 2446 556 de
2478 517 2557 566 se,
2584 519 2660 556 an

1455 573 1528 631 de
1553 573 1664 631 alio
1698 574 1930 651 aliquo?
1985 575 2265 652 Aperiens
2288 585 2479 634 autem
2520 574 2660 634 Phi·

1454 649 1641 729 lippus
1657 672 1717 711 os
1737 673 1921 723 suum,
1939 661 1999 711 et
2017 653 2125 710 inci
2171 653 2289 711 iens
2307 673 2343 711 a
2364 652 2657 731 Scriptura

1440 728 1577 801 ista,
1599 729 2004 811 evangelizavit
2023 730 2104 788 illi
2170 751 2344 789 esum.
2416 731 2496 790 Et
2514 732 2653 790 dum

1452 806 1607 867 irent
1642 829 1746 887 per
1770 810 1938 880 viam,
1967 817 2244 868 venerunt
2268 810 2340 867 ad
2367 811 2651 888 quandam

1448 905 1691 962 aquam:
1734 895 1793 946 et
1823 888 1906 946 ait
1947 887 2267 959 eunuchus;
2313 888 2457 948 Ecce
2484 909 2647 965 aqua,

1448 964 1575 1039 quis
1613 964 1879 1042 prohibet
1924 986 2015 1024 me
2063 966 2382 1044 baptizari?
2484 968 2651 1026 Dixit

1447 1051 1636 1100 autem
1688 1043 1877 1122 Philip
1919 1065 2019 1116 us3
2075 1045 2136 1103 Si
2182 1044 2362 1104 credis
2406 1065 2480 1104 ex
2527 1055 2650 1103 toto

1447 1122 1634 1192 corde,
1651 1119 1800 1181 licet.
1871 1064 1947 1182 {t
1968 1124 2313 1201 respondens
2328 1124 2432 1195 ait;
2462 1122 2648 1182 Credo

1447 1197 1655 1258 Filium
1686 1200 1795 1259 Dei
1822 1220 1945 1260 esse
1968 1201 2010 1260 J
2013 1221 2168 1260 esum
2196 1200 2505 1262 Christum.
2569 1202 2648 1261 Et

1438 1277 1610 1354 jussit
1647 1287 1799 1338 stare
1826 1299 2087 1337 currum:
2138 1289 2196 1338 et
2234 1281 2647 1340 descenderunt

1444 1364 1682 1433 uterque
1709 1357 1768 1413 in
1803 1377 2005 1435 aquam
2045 1357 2341 1437 Philippus
2370 1369 2429 1417 et
2466 1379 2641 1417 eunu-

1443 1431 1600 1504 chuS,
1631 1443 1689 1493 et
1715 1437 2025 1514 baptizavit
2051 1456 2198 1494 eum.
2278 1436 2423 1495 Cum
2450 1447 2639 1495 autem

1441 1512 1828 1571 ascendissent
1851 1514 1923 1572 de
1948 1534 2110 1591 aqua,
2140 1513 2384 1591 Spiritus
2414 1516 2642 1572 Domini

1441 1590 1633 1667 rapuit
1659 1589 2005 1669 Philippum,
2027 1601 2087 1649 et
2103 1590 2341 1668 amplius
2362 1611 2475 1649 non
2497 1594 2641 1651 vidit

1442 1688 1574 1728 eum
1603 1668 1907 1727 eunuchus,
1992 1669 2126 1727 Ibat
2149 1679 2342 1727 autem
2369 1689 2472 1747 per
2493 1671 2642 1728 viam

1437 1766 1597 1804 suam
1636 1748 1906 1825 gaudens.
2003 1746 2298 1824 Philippus
2331 1757 2522 1806 autem
2550 1749 2638 1806 in-

1438 1833 1641 1883 ventus
1681 1833 1768 1883 est
1813 1825 1873 1883 in
1912 1825 2115 1896 Azoto,
2157 1835 2217 1884 et
2255 1828 2639 1902 pertransiens

1437 1901 1857 1982 evangelizabat
1876 1903 2192 1962 civitatibus
2211 1905 2443 1974 cunctis,
2460 1905 2638 1963 donec

1436 1983 1658 2041 veniret
1672 1982 2007 2054 Caesaream,
2027 2001 2234 2040 nomen
2257 1983 2491 2041 Domini
2511 2003 2637 2041 nos-

1437 2061 1516 2117 tri
1540 2059 1583 2118 J
1585 2081 1680 2120 esu
1708 2060 1938 2120 Christi.

1518 2138 1815 2196 Grae-lale!

1508 2215 1645 2270 Haec
1666 2216 1780 2270 dies
1802 2234 1965 2286 quam
1989 2213 2116 2270 fecit
2142 2215 2404 2271 Dominus
2430 2216 2637 2272 :exsul-

1434 2292 1614 2341 temus
1632 2292 1686 2340 et
1708 2287 1958 2342 laetemur
1979 2286 2039 2340 in
2063 2304 2140 2341 ea.
2637 2298 2644 2305 ·

1447 2358 1508 2411 V.
1581 2356 1840 2428 Lapidem
1858 2375 2017 2428 quem
2035 2359 2452 2440 reprobaverunt
2469 2358 2636 2412 aedifi-

1434 2433 1620 2482 cantes
1646 2447 1656 2480 :
1684 2429 1773 2482 hic
1794 2429 1967 2485 factus
1990 2434 2069 2482 est
2092 2446 2152 2481 m
2177 2435 2339 2501 caput
2362 2429 2548 2500 anguli
2571 2449 2581 2482 :
2602 2448 2638 2483 a

1437 2499 1669 2552 Domino
1681 2498 1883 2553 factum
1903 2504 1983 2553 est
2000 2499 2147 2553 istud
2179 2519 2190 2552 ε
2218 2507 2272 2554 et
2291 2505 2371 2554 est
2395 2500 2640 2554 mirabile

1433 2569 1495 2623 in
1519 2569 1686 2623 oculis
1709 2569 1918 2623 nostris.

1513 2641 1653 2699 Non
1678 2648 1960 2717 repetatur
1988 2637 2242 2698 Gradale
2268 2641 2373 2698 hac
2393 2642 2486 2698 die
2503 2650 2634 2718 post

1432 2739 1598 2776 suum
1635 2716 1870 2775 Versum
1896 2737 1993 2774 nec
2019 2717 2085 2773 in
2110 2719 2358 2793 sequenti
2375 2720 2485 2777 die.

1505 2793 1775 2864 Alleluya.
1851 2794 1910 2847 V.
1984 2792 2053 2845 In
2101 2794 2188 2847 die
2236 2796 2636 2850 resurrectionis

1432 2882 1584 2931 mese,
1622 2864 1756 2918 dicit
1791 2863 2053 2917 Dominus
2084 2884 2096 2915 t
2126 2866 2424 2936 praecedam
2449 2884 2540 2920 vos
2574 2867 2634 2920 in

1433 2936 1734 2990 Galilaeam.

1513 3006 1832 3082 Sequentia.

1434 3107 1489 3142 a.
1533 3086 1641 3143 Dic
1669 3087 1831 3142 nobis
1857 3082 2055 3160 quibus
2071 3090 2100 3129 Β
2126 3103 2157 3142 e
2181 3085 2353 3143 terris
2373 3098 2402 3137 s
2428 3107 2573 3145 nova

1435 3166 1481 3221 b.
1526 3164 1743 3223 Cuncto
1770 3161 1981 3220 mundo
2007 3161 2277 3220 nuncians
2300 3166 2519 3241 gaudia,

1434 3245 1481 3300 b.
1527 3242 1803 3301 Nostram
1829 3259 2021 3298 rursus
2049 3240 2277 3298 visitans
2303 3244 2590 3321 patriam?

1433 3343 1478 3378 c.
1525 3320 1897 3397 Respondens
1922 3317 2126 3452 {mito
2151 3318 2309 3376 vultu

1592 3398 1740 3456 clara
1763 3417 1896 3456 voce
1965 3397 2109 3466 ixit3
2160 3396 2442 3474 Alleluya,

1433 3499 1479 3535 c.
1522 3476 1778 3555 Angelus
1804 3473 1944 3532 mihi
1969 3475 2041 3533 de
2067 3474 2293 3532 Christo

1591 3554 1857 3612 indicavit
1883 3554 1978 3632 pia
2004 3553 2285 3624 miracula,

1434 3635 1492 3691 d.
1537 3633 1932 3692 Resurrexisse
1961 3633 2268 3689 Dominum
2295 3632 2541 3691 siderum

1592 3712 1792 3770 cecinit
1819 3730 1949 3768 voce
1978 3709 2270 3767 laudanda.

1434 3791 1489 3847 d.
1535 3790 1677 3847 Mox
1707 3808 1841 3867 ergo
1868 3808 2080 3923 pennas
2106 3787 2343 3846 volucris
2371 3808 2568 3847 vacuas

1592 3867 1844 3946 dirigens
1893 3876 2003 3925 aeta
2029 3886 2131 3942 per
2157 3887 2341 3937 auras,

1434 3968 1478 4004 e.
1524 3946 1722 4004 Rediit
1746 3944 1987 4017 famuliS,
2016 3942 2047 3980 ¹²
2066 3952 2126 4003 et
2146 3942 2176 3981 ¹²
2200 3945 2370 4016 dixit,

1595 4032 1882 4083 vacuatam
1909 4022 2093 4102 legem
2120 4032 2373 4083 veterem

1591 4112 1653 4162 et
1679 4123 1880 4160 novam
1908 4121 2149 4181 regnare
2175 4103 2433 4182 gratiam.

1431 4217 1451 4255 f
1494 4218 1579 4272 Ps.
1629 4217 1784 4272 cxvii.
1837 4216 2035 4287 (cxviii.
2075 4217 2161 4288 24,
2208 4218 2296 4288 22,
2337 4219 2452 4292 23.)
2495 4219 2631 4276 Mat.

1435 4287 1643 4358 (xxviii.
1673 4288 1746 4357 7.)

1433 4368 1461 4405 8
1496 4357 1887 4412 aetheria—92.
1915 4357 1999 4410 98.
2028 4357 2124 4411 4L.
2152 4358 2236 4412 57.

1434 4428 1462 4466 h
1502 4427 1739 4482 ut.—92.
1768 4427 1853 4481 94.
1886 4427 1970 4480 98.
1998 4426 2095 4480 4L.
2125 4428 2210 4481 57.
