2975 5009
330 234 461 299 343

328 425 442 484 que
509 413 824 465 sementem
900 406 1212 466 secuudum
1287 406 1534 486 speciem

326 503 507 542 suam.
619 483 699 542 Et
764 483 910 542 vidit
978 487 1132 544 Deus
1183 488 1336 563 quod
1390 493 1538 544 esset

327 563 586 633 bonum;
650 560 971 639 factumque
1031 572 1118 621 est
1180 583 1411 642 vespere
1478 570 1539 622 et

328 659 497 698 mane
524 639 644 697 dies
670 640 892 699 tertius.
952 640 1122 699 Dixit
1136 651 1328 700 autem
1345 641 1537 712 Deus;

330 717 502 777 Fiant
521 717 824 776 luminaria
842 719 903 776 in
927 719 1288 778 firmamento
1309 719 1451 790 coeli,
1480 727 1541 778 et

330 795 588 855 dividant
627 796 778 854 diem
821 816 886 854 ac
925 806 1179 869 noctem,
1217 807 1277 856 et
1314 798 1432 856 sint
1477 798 1538 854 in

330 874 494 952 signa
519 881 578 933 et
614 882 872 952 tempora
906 883 965 934 et
990 875 1113 934 dies
1140 883 1200 934 et
1225 895 1432 934 annos:
1475 882 1543 933 ut

303 950 557 1010 'luceant
599 952 659 1008 in
704 952 1069 1011 firmamento
1124 953 1265 1025 coeli,
1311 963 1371 1013 et
1415 952 1544 1011 illu-

333 1030 559 1088 minent
610 1037 846 1088 terram.
929 1031 1007 1090 Et
1052 1030 1262 1089 factum
1309 1040 1396 1090 est
1440 1032 1541 1090 ita.

284 1161 291 1167 .
337 1107 613 1184 Fecitque
640 1108 799 1166 Deus
825 1109 938 1167 duo
966 1108 1265 1167 luminaria
1298 1130 1541 1201 magna:

335 1185 615 1244 luminare
670 1187 850 1263 majus
891 1196 955 1246 ut
1000 1196 1272 1265 praeesset
1316 1189 1431 1246 die1
1485 1196 1545 1246 et

336 1263 615 1322 luminare
644 1264 830 1323 minus
857 1275 923 1324 ut
959 1274 1233 1344 praeesset
1272 1267 1444 1337 nocti,
1485 1272 1546 1324 et

335 1340 547 1401 stellas.
630 1342 710 1400 Et
747 1343 935 1420 posuit
975 1364 1067 1402 eas
1094 1344 1155 1400 in
1182 1344 1550 1402 firmamento

338 1419 483 1492 coeli,
504 1426 571 1477 ut
588 1418 845 1481 lucerent
864 1441 1034 1500 super
1054 1431 1287 1492 terram,
1316 1431 1376 1482 et
1401 1441 1549 1500 pree·

338 1506 528 1556 essent
581 1498 695 1556 diei
747 1519 813 1556 ac
868 1501 1039 1572 nocti,
1108 1510 1168 1559 et
1228 1500 1551 1559 dividerent

309 1575 520 1634 >lucem
573 1596 638 1634 ac
690 1579 974 1637 tenebras.
1057 1579 1139 1638 Et
1190 1579 1332 1638 vidit
1392 1577 1550 1636 Deus

340 1655 492 1732 quod
546 1662 695 1713 esset
749 1657 982 1714 bonum.
1065 1656 1145 1715 Et
1197 1655 1408 1715 factum
1463 1664 1551 1715 est

340 1752 573 1810 vespere
602 1740 660 1791 et
687 1753 854 1793 mane
880 1734 1004 1793 dies
1029 1743 1281 1813 quartus,
1383 1733 1554 1793 Dixit

343 1811 517 1869 etiam
547 1810 740 1883 Deus3
790 1811 1115 1871 Producant
1154 1833 1315 1890 aquae
1346 1811 1553 1892 reptile

342 1889 550 1948 animae
591 1889 846 1962 viventis,
876 1900 936 1949 et
961 1890 1188 1950 volatile
1228 1910 1396 1969 super
1435 1894 1556 1949 ter-

344 1987 469 2025 ram
498 1969 601 2024 sub
629 1965 995 2027 firmamento
1013 1968 1157 2026 coeli.
1215 1969 1554 2046 Creavitque

347 2047 502 2103 Deus
554 2052 677 2103 cete
721 2047 980 2124 grandia,
1036 2054 1096 2104 et
1149 2066 1379 2104 omnem
1433 2046 1554 2102 ani-

347 2143 501 2180 mam
518 2123 804 2182 viventem
825 2134 995 2202 atque
1012 2124 1358 2195 motabilem,
1385 2143 1556 2200 quam

349 2202 739 2277 produxerant
778 2221 941 2280 aquae
980 2203 1042 2259 in
1083 2202 1294 2280 species
1326 2222 1471 2273 suas,
1500 2207 1561 2260 et

349 2298 518 2336 omne
545 2276 770 2336 volatile
811 2280 1115 2338 secundum
1155 2300 1333 2358 genus
1375 2300 1556 2338 suum.

351 2357 430 2414 Et
483 2355 627 2413 vidit
680 2356 837 2416 Deus
889 2358 1039 2435 quod
1092 2366 1239 2417 esset
1306 2361 1558 2428 bonum;

350 2433 758 2509 benedixitque
795 2437 893 2506 eiS,
934 2435 1124 2494 dicens
1153 2458 1168 2507 3
1206 2435 1472 2507 Crescite,
1502 2443 1562 2493 et

352 2509 826 2588 multiplicamini,
857 2521 915 2572 et
940 2513 1157 2592 replete
1183 2534 1352 2592 aquas
1372 2513 1563 2583 maris,

351 2609 590 2667 avesque
631 2589 1078 2669 multiplicentur
1119 2612 1286 2671 super
1327 2600 1562 2649 terram.

355 2669 434 2726 Et
471 2668 682 2724 factum
735 2679 821 2726 est
862 2690 1094 2748 vespere
1137 2680 1196 2729 et
1239 2690 1402 2728 mane
1442 2669 1567 2727 dies

354 2747 603 2825 quintus·
715 2746 880 2805 Dixit
923 2769 1141 2826 quoque
1187 2749 1377 2820 Deus3
1423 2748 1568 2805 Pro-

356 2828 525 2883 ducat
564 2831 720 2883 terra
753 2825 1000 2884 animam
1042 2828 1327 2886 viventem
1369 2827 1428 2883 in
1469 2845 1568 2904 ge-

358 2923 494 2962 nere
515 2922 634 2973 su0,
656 2903 922 2980 jumenta
948 2914 1007 2964 et
1034 2905 1261 2983 reptilia
1281 2917 1339 2964 et
1359 2905 1570 2963 bestias

358 2992 530 3041 terrae
587 2983 894 3040 secundum
940 2984 1150 3061 species
1203 3003 1346 3041 suas.
1429 2983 1572 3041 Fac-

360 3069 592 3136 tumque
620 3068 708 3118 est
733 3060 830 3118 ita.
921 3062 1002 3121 Et
1021 3060 1158 3120 fecit
1183 3062 1341 3120 Deus
1369 3061 1574 3119 bestias

360 3146 534 3197 terrae
571 3138 741 3215 juxta
781 3140 992 3216 species
1033 3159 1175 3211 suas,
1209 3140 1474 3216 jumenta
1514 3146 1574 3196 et

362 3235 530 3274 omne
593 3236 655 3274 re
696 3214 797 3275 tile
853 3224 1028 3276 terrae
1082 3219 1144 3275 in
1191 3237 1400 3295 genere
1453 3237 1573 3275 suo.

365 3294 445 3352 Et
472 3293 615 3351 vidit
656 3237 812 3353 Deus
852 3297 1002 3373 quod
1037 3303 1183 3354 esset
1223 3298 1470 3366 bonum3
1518 3303 1578 3354 et

362 3374 444 3430 ait
463 3393 479 3443 3
511 3372 804 3429 Faciamus
846 3372 1134 3432 hominem
1170 3374 1242 3430 ad
1269 3374 1576 3451 imaginem

364 3458 426 3509 et
466 3449 896 3508 similitudinem
936 3459 1227 3510 nostram:
1276 3459 1336 3509 et
1382 3451 1580 3529 praesit

365 3528 611 3605 piscibus
651 3528 845 3599 marie,
887 3538 947 3587 et
985 3527 1299 3588 volatilibus
1338 3529 1480 3600 caeli,
1519 3537 1580 3588 et

366 3606 607 3677 bestiis,·
643 3609 1032 3684 universaeque
1064 3615 1283 3678 terrae,a
1317 3607 1471 3664 omni
1512 3628 1581 3666 ue

368 3683 564 3763 reptili
612 3684 762 3762 quod
809 3693 1071 3743 movetur
1118 3685 1178 3741 in
1223 3694 1397 3744 terra.
1555 3693 1581 3743 t

369 3763 583 3820 creavit
626 3763 782 3820 Deus
831 3762 1120 3820 hominem
1164 3764 1235 3821 ad
1276 3762 1580 3841 imaginem

372 3848 432 3900 et
459 3840 893 3898 similitudinem
928 3860 1085 3898 suam
1111 3863 1126 3900 z
1174 3841 1247 3899 ad
1273 3841 1580 3919 imaginem

375 3919 483 3976 Dei
512 3918 724 3977 creavit
751 3916 913 3976 illum
938 3940 951 3978 :
1003 3918 1307 3977 masculum
1337 3929 1396 3978 et
1420 3918 1582 3978 ferni-

375 4017 509 4053 nam
565 3995 776 4055 creavit
816 4016 928 4054 eos.
1010 3995 1426 4075 Benedixitque
1473 3997 1585 4056 illis

377 4075 553 4146 Deus,
573 4082 632 4132 et
648 4074 752 4146 ait3
774 4073 1023 4134 Crescite
1040 4084 1099 4134 et
1117 4075 1586 4155 multiplicamini,

378 4161 438 4210 et
465 4150 682 4230 replete
723 4160 938 4210 terram
968 4162 1027 4212 et
1053 4155 1312 4232 subjicite
1353 4175 1500 4226 eam,
1528 4163 1588 4214 et

378 4230 756 4288 dominamini
808 4230 1048 4309 piscibus
1101 4233 1274 4292 maris
1328 4241 1386 4292 et
1439 4233 1588 4292 vola·

380 4400 407 4428 a
444 4389 811 4461 universasque
826 4393 1261 4449 creaturas—57.
1290 4399 1445 4450 terrae
1471 4393 1588 4447 uni-

382 4478 650 4532 versaeque
682 4465 1116 4519 creaturae.-97.
1144 4464 1230 4518 26.

1194 250 1272 299 m
1322 249 1644 298 ΒΑΒΒΑΤΟ
1690 248 1986 298 ΒΑΝΟΤΟ.

2724 232 2829 299 844

1652 404 1848 463 tilibus
1878 403 2022 474 coeli,
2064 410 2123 462 et
2164 401 2439 461 universis
2479 403 2832 462 animantibus

1654 502 1782 560 quae
1811 491 2114 540 moventur
2139 500 2309 560 super
2348 487 2583 539 terram.
2665 480 2833 539 Dixit-

1654 581 1766 638 que
1815 562 2008 630 Deus3
2065 559 2212 618 Ecce
2256 558 2389 617 dedi
2431 559 2589 617 vobis
2633 578 2832 618 omnem

1655 638 1893 697 herbam
1919 638 2261 697 afferentem
2300 656 2496 695 semen
2535 656 2704 715 super
2738 645 2835 695 ter-

1655 736 1798 788 ram,
1828 725 1887 775 et
1913 717 2178 775 universa
2217 715 2370 793 ligna
2406 735 2535 792 quae
2562 715 2764 774 habent
2782 715 2833 772 in

1658 795 1976 873 semetipsis
2018 801 2332 853 sementem
2376 794 2604 872 generis
2646 794 2745 863 sui,
2784 800 2837 849 ιιι

1658 873 1746 930 sin
1814 872 1970 931 vobis
1995 873 2058 930 in
2085 892 2307 931 escam:
2354 872 2569 929 cunctis
2607 871 2837 928 animan-

1656 951 1742 1009 tib
1783 970 1810 1008 s
1849 959 2047 1023 terrae,
2088 951 2354 1028 omnique
2379 948 2592 1007 volucri
2631 947 2765 1019 coeli,
2792 955 2840 1006 et

1658 1029 1932 1087 universis
1959 1048 2087 1106 quae
2123 1036 2424 1087 moventur
2449 1028 2509 1085 in
2536 1034 2695 1086 terra
2719 1035 2772 1084 et
2789 1026 2840 1082 in

1660 1108 1861 1184 quibus
1904 1115 1991 1165 est
2029 1107 2220 1164 anima
2259 1108 2472 1177 vivens,
2514 1113 2582 1165 ut
2620 1104 2842 1162 habeant

1661 1184 1733 1242 ad
1790 1184 2144 1243 vescendum.
2232 1185 2312 1243 Et
2361 1183 2575 1242 factum
2630 1191 2717 1242 est
2761 1183 2842 1240 ita.

1663 1262 1946 1340 Viditque
1974 1264 2133 1320 Deus
2159 1273 2360 1322 cuncta
2385 1283 2513 1341 quse
2533 1260 2772 1320 fecerat:
2797 1268 2845 1318 et

1664 1349 1830 1400 erant
1856 1340 2018 1399 valde
2046 1341 2210 1399 bona.
2291 1341 2372 1400 Et
2401 1343 2612 1399 iactum
2641 1348 2725 1397 est
2747 1358 2846 1396 ves·

1664 1439 1802 1498 pere
1848 1426 1912 1478 et
1954 1439 2121 1477 mane
2164 1420 2286 1478 dies
2338 1428 2553 1478 sextus·
2636 1416 2847 1496 bIgitur

1664 1495 1901 1577 perfecti
1939 1504 2073 1554 sunt
2113 1497 2236 1555 coeli
2276 1506 2335 1556 et
2373 1506 2550 1567 terra,
2599 1501 2658 1554 et
2692 1493 2851 1552 omnis

1666 1583 1899 1634 ornatus
1951 1595 2164 1633 eorum.
2243 1574 2678 1655 complevitque
2720 1573 2853 1631 Deus

1667 1654 1760 1712 die
1788 1652 2032 1731 septimo
2058 1672 2090 1709 o
2131 1673 2196 1711 us
2234 1674 2398 1712 suum
2438 1653 2595 1731 quod
2632 1651 2850 1710 fecerat:

1668 1741 1728 1790 et
1766 1731 2045 1808 requievit
2125 1732 2179 1791 ie
2219 1733 2463 1809 septimo
2503 1734 2575 1789 ab
2616 1730 2855 1788 universo

1668 1829 1838 1888 opere
1864 1829 1963 1867 suo
1990 1809 2141 1885 quod
2168 1818 2439 1888 patrarat.

1753 1886 1953 1946 Omnes
1984 1887 2277 1946 Orationes
2316 1888 2438 1946 sine
2477 1886 2754 1945 Dominus
2776 1902 2857 1941 vo·

1669 1965 1885 2024 hiscum
1913 1974 1962 2022 et
1988 1967 2109 2023 sine
2148 1966 2469 2025 Flectamus
2504 1985 2709 2043 genua.
2762 1963 2856 2021 Le·

1670 2055 1797 2103 vate
1815 2043 2103 2116 dicuntur,
2122 2044 2219 2102 sed
2235 2053 2457 2102 tantum
2476 2063 2604 2101 cwm
2620 2042 2857 2101 Oremus.

1756 2121 1974 2181 Oratio·

1754 2201 1926 2271 DeuS,
1953 2199 2049 2277 qui
2077 2199 2415 2259 mirabiliter
2453 2197 2659 2258 creasti
2698 2195 2859 2256 homi-

1675 2298 1808 2337 nem
1837 2285 1897 2335 et
1926 2277 2237 2336 mirabilius
2263 2277 2558 2337 redemisti
2580 2298 2597 2348 ;
2621 2277 2703 2335 da
2724 2273 2862 2332 nobis

1674 2375 2013 2434 quaesumus,
2030 2365 2231 2414 contra
2244 2355 2660 2415 oblectamenta
2676 2350 2863 2432 peccati

1676 2434 1885 2493 mentis
1903 2435 2119 2493 ratione
2139 2435 2464 2512 persistere,
2482 2442 2547 2492 ut
2562 2449 2864 2492 mereamur

1676 2512 1750 2570 ad
1755 2512 1983 2646 gaudia
2008 2520 2229 2571 aeterna
2255 2512 2573 2590 pervenire.
2655 2510 2783 2571 Per.

1812 2591 1949 2648 ectio
1973 2590 2262 2648 secunda.⁰
2745 2616 2758 2627 1

1760 2667 1999 2726 Factum
2036 2676 2123 2726 est
2164 2669 2224 2724 in
2260 2667 2453 2746 vigilia
2486 2666 2783 2737 matutina,
2820 2670 2869 2722 et

1681 2765 1808 2804 ecce
1836 2746 2139 2825 respiciens
2181 2747 2460 2805 Dominus
2498 2766 2671 2823 super
2710 2751 2871 2802 castra

1682 2823 2091 2902 AEgyptiorum
2132 2844 2235 2902 per
2276 2825 2595 2883 columnam
2645 2823 2790 2902 ignis
2823 2826 2873 2878 et

1683 2903 1865 2974 nubis,
1894 2901 2175 2961 interfecit
2213 2903 2527 2962 exercitum
2556 2919 2787 2961 eorum:
2825 2906 2875 2957 et

1685 2980 1963 3039 subvertit
2010 2988 2162 3038 rotas
2204 3001 2490 3051 curruum,
2535 2979 2874 3039 ferebantur-

1686 3078 1794 3134 que
1837 3059 1899 3116 in
1944 3057 2303 3136 profundum.
2411 3059 2709 3118 Dixerunt
2758 3073 2879 3135 ergo

1688 3136 1988 3214 AEgyptii:
2019 3137 2321 3214 Fugiamus
2350 3136 2667 3196 Israelem:
2698 3134 2880 3193 Domi·

1687 3234 1793 3273 nus
1833 3215 1987 3273 enim
2025 3223 2245 3293 pugnat
2285 3236 2390 3295 pro
2430 3216 2510 3275 eis
2550 3222 2752 3274 contra
2774 3231 2880 3271 nos.

1688 3292 1769 3353 Et
1793 3293 1874 3351 ait
1901 3293 2175 3351 Dominus
2201 3293 2276 3351 ad
2302 3294 2584 3370 Moysen:
2628 3290 2882 3351 Extende

1692 3391 1922 3429 manum
1963 3379 2122 3428 tuam
2170 3392 2231 3430 su
2275 3391 2339 3430 er
2378 3392 2556 3444 mare,
2598 3381 2662 3432 et
2707 3388 2884 3431 rever·

1692 3457 1891 3507 tantur
1904 3469 2067 3526 aquae
2087 3450 2161 3508 ad
2180 3393 2487 3529 AEgyptios
2516 3471 2687 3529 super
2705 3466 2884 3512 currus
2909 3450 2937 3481 ‘⁴

1692 3536 1752 3585 et
1772 3528 1989 3605 equites
2007 3548 2219 3586 eorum.
2266 3528 2523 3606 Cumque
2546 3530 2886 3590 extendisset

1692 3605 1926 3683 Moyses
1944 3627 2172 3664 manum
2190 3615 2389 3665 contra
2407 3627 2586 3680 mare,
2611 3624 2886 3669 reversum
2931 3626 2937 3665 l

1694 3691 1782 3742 est
1807 3684 1993 3761 primo
2017 3684 2262 3743 diluculo
2286 3685 2359 3743 ad
2398 3686 2653 3763 priorem
2680 3688 2885 3746 locum:

1690 3760 2144 3840 fugientibusque
2196 3764 2482 3842 AEgyptiis
2536 3769 2891 3826 occurrerunt

1694 3861 1874 3918 aquae,
1930 3849 1989 3899 et
2042 3841 2278 3900 involvit
2330 3861 2424 3901 eos
2490 3841 2779 3902 Dominus
2839 3842 2891 3898 in

1696 3918 1897 3977 mediis
1949 3919 2228 3978 fluctibus„
2336 3920 2722 3999 Reversaeque
2775 3925 2896 3980 sunt

1695 4016 1876 4073 aquae,
1906 4005 1966 4056 et
1992 4006 2337 4075 operuerunt
2375 4018 2575 4058 currus
2603 4010 2662 4059 et
2689 4001 2894 4077 equites

1698 4075 1885 4134 cuncti
1941 4077 2223 4134 exercitus
2275 4076 2611 4151 PharaoniS,
2662 4079 2767 4156 qui
2819 4096 2897 4134 se-

1699 4161 1936 4229 quentes
1990 4154 2228 4232 ingressi
2282 4154 2511 4214 fuerant
2551 4176 2758 4216 mare:
2807 4173 2898 4212 nec

1699 4250 1845 4289 unus
1887 4232 2113 4310 quidem
2158 4232 2435 4312 superfuit
2473 4254 2549 4292 ex
2590 4235 2690 4294 eis·
2777 4232 2898 4292 Filii

1701 4391 1731 4429 ἲ)
1767 4392 1900 4446 Gen.
1933 4408 2044 4464 cap.
2073 4393 2127 4445 ii.
2157 4393 2229 4462 (v.
2259 4393 2305 4461 1,
2335 4394 2410 4464 2.)

1705 4473 1730 4502 0
1768 4462 1937 4518 Exodi
1960 4481 2073 4534 cap.
2101 4464 2207 4518 xiv.
2236 4464 2292 4519 F.
2323 4468 2394 4535 (v,
2423 4465 2645 4535 24-31.)
