2975 5009
413 215 538 279 551

499 384 538 420 ‘¹‘
556 381 700 443 Hoec
742 383 854 441 duo
899 381 1158 456 Alleluya
1199 384 1483 462 sequentia
1530 385 1622 442 di-

422 470 627 522 cunum·
672 461 906 519 alternis
951 461 1164 520 vicibus
1208 483 1330 540 per·
1366 461 1621 536 Octavus,

425 542 545 601 ‘nisi
570 540 637 598 i‘n
663 539 975 598 Dominica
1001 550 1050 599 et
1077 541 1143 598 in
1172 540 1387 600 Octava
1411 540 1590 599 Dies*

496 616 769 688 Alleluya.
820 617 879 671 V.
957 617 1002 671 Ο
1027 634 1191 689 quam
1228 617 1552 672 metuendus
1574 623 1630 673 et

424 688 760 744 venerandus
783 692 866 741 est
897 688 1048 742 loeus
1077 688 1208 744 iste:
1258 704 1379 742 vere
1401 704 1514 741 non
1550 693 1632 742 est

427 760 516 814 hie
537 758 689 813 aliud
713 757 820 811 nisi
841 759 1034 813 domus
1058 759 1154 812 Dei
1180 757 1236 814 et
1259 763 1414 830 porta
1435 758 1574 813 ooeli.

512 828 785 899 Alleluya.
854 829 915 883 V.
1014 828 1263 886 Fundata
1309 833 1390 883 est
1436 828 1632 883 domus

429 899 649 954 Domini
694 915 853 970 super
899 899 1151 955 verticem
1199 899 1467 952 montium
1514 919 1525 952 ε
1576 904 1632 954 et

425 970 663 1025 exaltata
685 975 767 1024 est
790 986 948 1041 super
971 985 1156 1025 omnes
1177 969 1383 1024 eolles.⁸

506 1042 668 1099 Licet
706 1042 773 1098 in
814 1040 1263 1117 Quadrayesima
1296 1041 1394 1099 hoc
1417 1039 1630 1119 festum

430 1118 684 1191 evenerit,
712 1118 928 1176 dicitur
951 1120 1064 1177 ista
1306 1119 1408 1176 tia.

432 1220 486 1256 a.
532 1195 894 1280 Hierusalem
923 1206 983 1257 et
1010 1197 1149 1258 Sion
1176 1194 1334 1268 filiae,

588 1283 764 1333 coetus
790 1276 971 1335 omnis
999 1274 1135 1333 fidei
1161 1277 1352 1345 eurise,

588 1351 763 1489 megpls
777 1361 1000 1489 lpangat
1018 1352 1174 1433 jugis
1199 1351 1441 1424 laetitiae,

746 1451 776 1488 e
800 1452 835 1488 u
873 1451 924 1490 a.

435 1531 490 1567 a.
532 1508 792 1571 Christus
819 1452 972 1569 ἐξήκῃ
998 1508 1302 1589 desponsat
1325 1508 1496 1568 hodie

589 1596 833 1647 matrem
860 1596 1112 1647 nostram
1140 1607 1342 1646 norma
1372 1586 1632 1666 justitiae,

587 1685 757 1743 quam
784 1666 857 1725 de
884 1664 1007 1724 lacu
1033 1667 1216 1725 traxit
1244 1666 1509 1737 miseriae,

670 1742 977 1802 ecclesiam.

436 1822 485 1879 b.
531 1819 603 1878 In
633 1821 877 1900 Spiritus
904 1822 1097 1883 Sancti
1122 1820 1425 1881 clementia

589 1918 794 1977 sponsa
820 1900 1023 1978 Sponsi
1048 1900 1276 1960 laetatur
1299 1900 1501 1977 gratia,

590 1997 627 2035 a
652 1979 863 2056 reginis
888 1978 1068 2037 laudis
1094 1999 1222 2038 oum
1247 1978 1431 2056 gloria

669 2054 807 2115 felix
838 2056 1006 2115 diota.

436 2133 484 2191 b.
527 2132 646 2191 Dos
670 2141 737 2191 ut
762 2134 932 2192 datur
958 2134 1157 2192 crescit
1184 2131 1403 2203 laetitia,

589 2229 717 2288 quae
769 2212 871 2270 dos
925 2212 950 2244 ¹³
968 2220 1180 2288 quanta
1200 2210 1225 2241 δ
1270 2210 1487 2289 triplex
1537 2231 1635 2289 po-

671 2289 872 2359 tentia,

590 2372 829 2444 tangens
856 2364 1074 2439 eoelum,
1102 2375 1286 2424 terras
1314 2373 1375 2424 et
1398 2366 1601 2445 stygia,

662 2443 903 2521 justitia.

436 2542 480 2577 c.
525 2520 680 2579 Mira
706 2521 903 2599 loquor
929 2523 1029 2581 sed
1054 2542 1191 2580 sana
1215 2521 1448 2581 credere

592 2607 619 2636 ⁰
637 2598 968 2659 foederatam
990 2608 1015 2639 ⁰
1043 2608 1160 2660 tam
1188 2600 1347 2679 largo
1373 2620 1612 2659 munere

587 2679 659 2737 de
688 2679 743 2737 d.
774 2680 1005 2758 proprio
1030 2679 1303 2758 produxit
1328 2678 1508 2738 latere

667 2756 823 2816 Deus
852 2756 1038 2816 homo.

432 2855 476 2891 c.
521 2834 887 2894 Formaretur
912 2844 978 2895 ut
1004 2836 1082 2894 sic
1110 2834 1359 2895 Ecclesia

588 2912 854 2992 figuravit
880 2915 942 2972 in
969 2915 1093 2993 pari
1117 2914 1316 2992 gloria,

589 2991 855 3051 A-d.-dse
882 2994 1050 3052 costis
1075 2991 1318 3050 formata
1342 2990 1594 3062 foemina,

667 3068 841 3129 hostis
867 3070 1006 3129 Eva.

432 3168 476 3206 e.
520 3145 641 3205 Eva
664 3146 774 3207 fuit
800 3170 1039 3209 noverca
1064 3146 1339 3228 posteris:

589 3224 712 3285 haec
740 3237 825 3285 est
854 3237 1037 3287 mater
1064 3227 1226 3286 electi
1252 3226 1498 3306 generis,

588 3304 836 3364 vi-d.-tae
903 3315 1076 3379 ortus,
1104 3304 1321 3383 asylum
1347 3303 1583 3375 miseris,

667 3390 727 3442 et
753 3326 949 3443 tutezae

432 3480 475 3519 e.
520 3458 785 3532 Pulchra,
815 3468 1034 3539 potens,
1063 3468 1232 3538 partu
1259 3458 1552 3529 mirabilis,

589 3546 654 3596 ut
680 3538 814 3597 luna
840 3538 922 3597 sol
946 3536 1127 3613 fulget
1154 3536 1490 3613 spectabili3‚

586 3614 712 3695 plus
738 3617 795 3673 d.
825 3616 943 3675 acie
971 3613 1152 3672 multo
1177 3611 1447 3672 terribilis

667 3693 943 3752 ordinata.

413 3772 467 3847 f.
511 3770 825 3851 Multiplex
853 3778 939 3830 est
965 3767 1267 3846 singularis
1294 3789 1424 3843 una,

587 3848 869 3926 generalis
902 3856 961 3908 et
987 3847 1296 3920 individua,

587 3927 773 3986 omnis
798 3927 825 3960 ‘²
847 3927 954 3985 aevi
977 3924 1000 3957 ‘¹
1028 3945 1194 3985 sexus
1222 3925 1392 3985 simul
1419 3947 1536 3984 una

665 4006 817 4084 parit
843 4015 1078 4063 turmas.

426 4130 454 4159 ⁸
488 4120 620 4175 Gen.
648 4119 834 4175 xxviii.
863 4120 971 4192 (17.
1000 4120 1070 4175 Is.
1097 4119 1153 4175 ii.
1181 4121 1258 4193 2.)

426 4192 454 4229 b
489 4191 849 4246 cantat—94.
877 4192 962 4247 97.

426 4272 450 4299 0
485 4261 915 4318 foederata.—-97.
942 4260 1029 4317 26.

424 4330 452 4369 ‘¹
490 4329 748 4387 tui.—97.
774 4332 858 4385 26.
912 4332 1174 4388 oui—57.
1226 4330 1625 4387 enim—Grati.

424 4456 460 4489 ‘³‘
495 4456 604 4512 Per
632 4459 854 4515 Octavas
877 4465 923 4515 et
961 4460 1020 4513 in
1056 4458 1340 4512 Dominica
1371 4457 1632 4511 dicuntur

1077 227 1157 276 IN
1188 227 1313 277 DIE
1347 226 1869 281 Dnch‘l‘loms
1901 230 2288 281 EOOIAESJAE.

2782 216 2889 280 552

1706 388 1762 465 f.
1806 388 1953 448 Haec
1977 388 2200 468 signata
2223 387 2266 445 J
2269 387 2497 446 ordanis
2523 386 2809 459 fluctibus;

1885 466 2008 525 haec
2034 486 2161 544 quse
2187 466 2346 525 venit
2372 487 2404 525 e
2430 474 2608 525 terrae
2635 467 2838 538 finibus,

1887 545 2180 603 scientiam
2208 544 2407 603 audire
2440 545 2697 604 eominus

1968 621 2300 682 Salomonis.

1730 723 1784 777 9.
1828 699 1922 761 Sic
1947 700 2150 778 typicis
2175 701 2461 778 descripta
2484 701 2750 773 sensibus,

1890 799 1967 836 nu
2009 779 2216 837 tiarum
2242 779 2443 838 induta
2467 780 2712 838 vestibus

1889 877 1973 916 0oe
1996 858 2015 913 i
2043 870 2067 900 θ
2088 866 2323 947 praestet
2342 864 2367 894 θ
2392 855 2565 916 hodie
2592 858 2790 916 civibus

1967 934 2195 996 Christo
2213 935 2434 1012 juncta·

1732 1035 1786 1091 9.
1832 1013 1885 1072 O
1914 1012 2180 1072 solemnis
2204 1014 2411 1073 festum
2437 1012 2679 1083 laetitiae,

1890 1111 2002 1169 quo
2026 1090 2224 1149 unitur
2250 1091 2511 1150 Christus
2539 1090 2805 1160 Emlesioe,

1890 1171 1952 1226 in
1979 1189 2090 1246 qua
2114 1177 2328 1228 nostrae
2354 1169 2553 1228 salutis
2580 1170 2783 1248 nuptiae

1968 1247 2343 1307 celebrantur.

1735 1325 1789 1383 h.
1831 1325 2024 1386 Coetus
2049 1324 2209 1397 felix,
2235 1325 2397 1384 dulos
2421 1326 2753 1396 convivium,

1889 1402 2064 1482 lapsis
2093 1403 2170 1462 ibi
2195 1403 2365 1462 datur
2390 1403 2675 1474 solatium,

1890 1482 2200 1560 desperatis
2227 1482 2470 1541 offertur
2496 1481 2737 1560 spatium

1969 1560 2302 1639 respirandi.

1733 1639 1788 1695 h.
1831 1637 2017 1696 Justis
2043 1638 2178 1697 inde
2203 1637 2499 1696 solvuntur
2525 1637 2770 1716 praemia,

1890 1715 2219 1794 angelorum
2247 1723 2532 1773 novantur
2557 1716 2767 1794 gaudia,

1895 1799 1916 1837 f
1929 1794 2046 1851 lata
2065 1792 2088 1829 ¹
2112 1794 2281 1851 nimis
2306 1795 2460 1872 quod
2484 1796 2623 1853 i‘acit
2645 1792 2808 1871 gratia

1967 1872 2234 1930 caritatis.

1735 1950 1778 2007 i.
1822 1950 1914 2009 Ab
1941 1958 2159 2009 aeterno
2183 1948 2308 2008 fons
2333 1949 2630 2027 sapientiae

1891 2028 2106 2087 intuitu
2133 2028 2298 2086 solius
2325 2028 2530 2107 gratiss

1892 2107 1971 2166 sio
1996 2105 2264 2185 praevidit
2289 2107 2350 2163 in
2376 2125 2573 2166 rerum
2601 2108 2735 2164 serie

1970 2184 2093 2243 hseo
2116 2183 2321 2241 futura.

1734 2262 1778 2319 i.
1819 2262 2079 2323 Christus
2106 2282 2243 2340 ergo
2268 2281 2371 2319 nos
2397 2262 2510 2320 suis
2538 2261 2741 2339 nuptiis

1893 2349 2177 2400 recreatos
2205 2340 2352 2399 veris
2379 2347 2409 2386 ⁸
2427 2339 2642 2397 divitiis
2666 2348 2693 2385 ⁸

1894 2419 2169 2477 interesse
2193 2417 2361 2476 faeiat
2386 2418 2550 2476 sociis
2952 2409 2953 2478 l

1971 2495 2294 2556 electorum.

1848 2573 2023 2651 Infra
2080 2573 2564 2650 Septuaqesimam
2626 2591 2787 2649 usque
2841 2566 2902 2623 ml

1740 2650 1933 2729 Caput
1944 2652 2164 2728 jejunii
2186 2652 2255 2709 in
2282 2651 2512 2710 Octavi-⁹
2536 2658 2751 2709 tamum
2767 2645 2905 2721 hujus

1713 2729 1857 2806 festi
1881 2731 2097 2788 dicitur
2119 2750 2343 2806 sequens
2371 2726 2661 2787 Tractus.¹¹

1804 2806 1981 2871 Quam
2005 2807 2200 2862 dilecta
2216 2806 2565 2861 tabernacula
2582 2812 2693 2873 tua,
2711 2800 2908 2858 Domine
2950 2813 2951 2844 ¹

1734 2877 2000 2932 virtutum
2036 2898 2048 2931 :
2078 2874 2407 2948 concupiscit
2443 2884 2502 2931 et
2534 2877 2717 2931 deficit
2752 2870 2906 2929 anima

1734 2965 1856 3002 mea
1878 2948 1939 3001 in
1962 2948 2102 3002 atria
2135 2947 2368 3001 Domini.

1745 3018 1804 3072 V.
1879 3018 1984 3073 Oor
2018 3036 2199 3073 meum
2239 3024 2294 3072 et
2328 3034 2451 3072 earo
2491 3034 2613 3071 mea
2652 3038 2664 3070 ε
2704 3012 2901 3071 exsulta-

1736 3095 1933 3143 verunt
1956 3088 2014 3141 in
2040 3088 2215 3143 Deum
2239 3089 2440 3143 vivum.
2948 3151 2949 3160 ἵ

1746 3158 1804 3212 V.
1878 3159 2096 3213 Etenim
2121 3176 2299 3229 passer
2322 3158 2536 3213 invenit
2559 3158 2664 3213 sibi
2686 3156 2902 3211 domum:
2948 3167 2949 3210 l

1733 3236 1788 3284 et
1812 3235 1995 3283 turtur
2028 3229 2216 3282 nidum
2243 3228 2346 3284 sibi
2377 3229 2472 3283 ubi
2508 3233 2733 3301 reponat
2765 3221 2904 3297 pull0⁸

1733 3315 1871 3354 suoS.

1746 3370 1805 3423 V.
1881 3369 2100 3424 Altaria
2122 3375 2234 3439 tua,
2262 3367 2493 3423 Domine
2516 3370 2779 3425 virtutum
2802 3376 2903 3418 :rex

1734 3457 1886 3496 meus
1909 3446 1965 3494 et
1989 3440 2133 3495 Deus
2156 3457 2322 3494 mens,
2946 3455 2947 3458 ’

1746 3511 1805 3566 V.
1879 3510 2038 3564 Beati
2086 3511 2178 3579 qui
2223 3509 2480 3564 habitant
2519 3508 2582 3562 in
2618 3510 2770 3563 domo
2799 3509 2905 3558 tua:

1732 3580 1794 3634 in
1817 3587 2081 3636 aeternum
2107 3580 2412 3635 laudabunt
2435 3585 2507 3650 te,
2535 3580 2772 3633 Domine.

1811 3653 1894 3710 In
1932 3653 2208 3710 Paschali
2234 3660 2474 3729 tempore
2501 3652 2608 3710 erit
2640 3645 2904 3708 secundum

1733 3729 1992 3801 Alleluya
2015 3731 2083 3788 de
2111 3730 2536 3787 Remo-rectione
2564 3725 2801 3806 quotidie
2816 3740 2905 3812 per

1734 3809 1993 3945 ἓὶοέαυαε,
2014 3817 2065 3866 et
2089 3809 2156 3866 in
2176 3816 2371 3866 octava
2391 3816 2443 3865 et
2462 3808 2637 3866 etiam
2656 3807 2720 3864 in
2733 3816 2905 3882 pruna

1733 4126 1757 4155 ²
1829 4116 2161 4173 mest—94.
2189 4116 2274 4170 97.
2301 4115 2387 4170 26.

1732 4187 1753 4224 ¹
1815 4193 1924 4242 aeta
1939 4186 2099 4240 —94.
2125 4185 2222 4239 4L.
2251 4185 2412 4240 Grad.
2942 4221 2943 4254 ἢ

1731 4267 1759 4305 s
1793 4256 2173 4311 deliciis—94.
2203 4256 2288 4311 97.
2315 4256 2400 4309 26.
2942 4265 2943 4310 1

1731 4327 1759 4365 h
1798 4328 1884 4381 Ps.
1911 4326 2118 4381 lxxxiii.
2147 4326 2371 4399 (lxxxiv.
2403 4326 2548 4399 1-5.)

1729 4450 2037 4506 alternatim
2059 4448 2168 4505 haec
2192 4448 2549 4504 duo,--G1·ad.
