2975 5009
99 237 226 300 245
311 249 532 300 anA
583 251 883 310 QUARTA

181 409 587 486 Offenon'um!

172 486 330 558 Eripe
346 503 430 539 me
449 486 517 539 de
530 484 764 539 inimicis
782 483 929 553 meis,
951 484 1096 538 Deus
1114 502 1265 540 meus
1285 505 1298 539 :

103 563 160 611 et
203 559 271 612 ab
316 556 721 628 insurgentibus
756 555 818 609 in
859 573 948 610 me
987 555 1157 611 libera
1198 574 1298 627 me,

104 628 134 668 b
150 627 418 684 Domine.b

119 699 179 754 V.
270 699 408 764 Quia
465 714 585 753 ecce
650 702 1003 770 captaverunt
1061 697 1301 751 animam

108 787 278 825 meam
300 789 312 823 ε
349 779 374 809 ⁶
390 774 447 824 et
460 777 487 808 ⁰
509 769 784 823 irruerunt
804 767 861 821 in
889 785 976 823 me
997 767 1174 823 fortes.

187 840 420 902 Secreta.

187 922 389 979 Annue
417 919 598 990 nobis,
625 937 963 997 quaesumuS,
989 918 1304 977 misericors

113 1000 298 1072 Deus;
342 1010 407 1057 ut
446 997 656 1056 hostias
690 995 1016 1075 placationis
1041 1007 1101 1058 et
1126 995 1305 1055 laudis

110 1076 321 1136 sincero
345 1077 451 1136 tibi
478 1076 796 1135 deferamus
823 1075 1101 1151 obsequio.
1171 1076 1305 1135 Per.

189 1153 479 1233 Praefatio.
562 1153 674 1222 Qui
699 1151 970 1232 corporali
988 1153 1231 1232 jejunius

195 1232 582 1293 Communio.‘¹

180 1310 389 1365 lavabo
412 1310 557 1365 inter
579 1309 892 1364 innocentes
914 1323 1108 1364 manus
1131 1326 1306 1364 meas:

114 1389 170 1437 et
211 1380 441 1436 circuibo
487 1380 659 1435 altare
704 1386 879 1451 tuum,
929 1379 1158 1434 Domine
1183 1400 1195 1447 ;
1248 1387 1311 1434 ut

113 1451 322 1507 audiam
357 1469 538 1506 vocem
575 1451 752 1505 laudis
789 1457 916 1522 tuae,
965 1458 1022 1505 et
1067 1468 1310 1506 enarrem

113 1522 353 1577 universa
376 1521 648 1577 mirabilia
670 1528 780 1577 tua.

184 1595 658 1653 Postconwnunio.

186 1672 440 1733 Coelestis
461 1672 596 1730 doni
617 1671 1008 1733 benedictione
1029 1681 1312 1750 percepta,

113 1751 383 1831 supplices
408 1760 488 1822 te,
514 1750 671 1810 Deus
707 1752 1081 1829 omnipotenS,
1109 1751 1313 1828 depre-

114 1850 327 1903 camur3
350 1836 416 1886 ut
432 1828 538 1888 hoc
553 1829 708 1889 idem
725 1831 886 1889 nobis
901 1839 960 1889 et
975 1828 1315 1889 sacramenti

114 1928 270 1968 causa
293 1909 372 1966 sit
397 1917 458 1967 et
481 1907 690 1967 salutis.
773 1908 889 1968 Per
915 1908 1245 1968 Dominum.

190 1986 375 2064 Super
389 1986 686 2063 populum.

183 2063 507 2124 Humiliate
533 2066 719 2143 capita
743 2074 930 2124 vestra
957 2066 1097 2123 Deo.

185 2142 412 2203 Oratio.

202 2219 525 2292 Adveniat,
615 2239 951 2298 quaesumus,
1044 2219 1315 2290 Domine,

107 2298 496 2359 misericordia
515 2305 541 2338 e
570 2318 596 2357 s
670 2307 794 2357 rata
832 2298 1210 2391 supplicibus;
1252 2307 1315 2357 et

104 2379 183 2437 eis
201 2378 417 2439 coelesti
438 2378 595 2436 muni
641 2378 826 2438 centia
844 2380 1146 2448 tribuatur,
1174 2397 1314 2455 qua·

106 2467 271 2517 tenus
320 2464 384 2515 et
423 2462 576 2515 recte
620 2457 867 2535 petenda
904 2454 1212 2537 postulent,
1253 2462 1313 2514 et

104 2534 390 2615 postulata
413 2533 745 2615 percipiant.
828 2535 943 2596 Per
978 2534 1309 2593 Dominum.

201 2730 422 2804 Feria
456 2732 707 2826 quinta
727 2742 893 2826 post
920 2730 973 2805 J
974 2730 1206 2804 udica.

179 2830 294 2887 Ad
322 2828 595 2886 Missam.
687 2829 978 2906 Officium.

178 2907 401 2968 Omnia
438 2926 566 2985 quae
604 2904 786 2966 fecisti
825 2908 1004 2980 nobis,
1047 2907 1312 2977 Domine,

100 2986 157 3044 in
175 3004 318 3045 vero
331 2985 546 3062 judicio
566 2984 784 3059 fecisti;
816 2986 947 3063 quia
1007 2986 1314 3044 eccavimus

97 3065 200 3124 tibi
233 3073 297 3124 et
325 3063 610 3122 mandatis
641 3063 755 3123 tuis
786 3084 903 3122 non
929 3084 961 3121 o
1002 3064 1312 3122 edivimus:

97 3144 198 3203 sed
218 3143 298 3201 da
314 3141 555 3220 gloriam
578 3141 796 3200 nomini
814 3150 914 3201 tuo
935 3150 993 3201 et
1010 3139 1097 3200 fac
1125 3142 1313 3199 nobis·

97 3241 226 3279 cum
269 3221 582 3281 secundum
625 3219 1049 3281 multitudinem
1093 3220 1315 3279 miseri·

97 3299 317 3358 cordiae
342 3307 478 3357 tuae.

173 3376 506 3435 Psalonuas

165 3452 414 3525 Magnus
437 3452 702 3507 Dominus
723 3458 780 3507 et
801 3452 1089 3508 laudabilis
1112 3451 1277 3506 nimis
1304 3470 1316 3504 :

96 3522 155 3606 in
194 3525 423 3579 civitate
456 3524 557 3578 Dei
599 3523 782 3593 nostri,
818 3524 878 3578 in
914 3529 1099 3579 monte
1133 3528 1318 3577 sancto

95 3610 331 3724 maij
355 3664 578 3724 dicitwr
599 3663 783 3719 Gloria
807 3664 973 3719 Patri.

179 3744 458 3882 gffimus.
504 3741 824 3803 Flectamus
847 3763 1052 3823 genua.
1081 3742 1319 3802 Levate.

198 3834 449 3971 nagia,
538 3918 876 3976 quaesumus,
964 3898 1321 3978 omnipotens

99 3978 284 4052 Deus,
319 3987 387 4038 ut
414 3978 665 4057 dignitas
691 3977 1031 4036 conditionis
1058 3976 1322 4035 humanae

97 4098 128 4128 ⁸
162 4092 258 4149 Ps.
286 4092 426 4148 lviii.
455 4092 571 4164 (lix.
598 4090 650 4161 2,
676 4091 754 4165 4.)

96 4161 127 4199 ὓ
163 4181 286 4219 non
305 4164 478 4218 habet
499 4161 597 4215 4L.

98 4244 124 4272 ⁶
161 4251 283 4288 non
308 4234 518 4289 habent
541 4231 626 4286 92.
655 4232 740 4287 98.
766 4232 861 4286 41..
894 4231 976 4287 13.
1009 4232 1092 4287 15.

97 4303 129 4342 ‘¹
163 4304 257 4358 Ps.
286 4322 416 4358 xxv.
442 4301 589 4358 xxvi.
617 4303 666 4373 6,
698 4303 771 4374 7.)

98 4383 125 4412 e
163 4374 453 4430 tum—15.

1147 252 1320 302 Pos'l·
1353 253 1386 301 J
1396 251 1639 302 UDIOA.

1820 252 2044 301 snam
2079 252 2379 307 QUIN'P-A.
2470 240 2602 304 246

1394 430 1501 490 per
1534 407 2026 469 immoderantiam
2070 410 2334 482 sauciata,
2374 410 2607 470 medici·

1397 488 1540 546 nalis
1594 486 1952 566 parsimoniae
2006 488 2194 547 studio
2246 487 2602 550 reformetur.

1398 566 1513 626 Per
1540 564 1872 623 Dominum.

1476 644 1670 704 Lectio
1700 640 1971 701 Danielis
1998 642 2345 721 Prophetae.¹²

1482 722 1558 781 In
1574 721 1772 781 diebus
1789 720 1916 793 illis,
1936 720 2134 779 Oravit
2155 722 2361 781 Daniel
2378 721 2603 797 dicens;

1401 800 1649 860 Domine
1704 801 1857 858 Deus
1913 798 2170 874 ilsrael)
2209 821 2283 860 ne
2335 800 2607 891 despicias

1401 877 1670 958 populum
1697 886 1881 949 tuum,
1908 898 2092 956 neque
2130 879 2349 938 auferas
2389 880 2608 938 miseri·-

1402 958 1651 1017 cordiam
1687 965 1843 1015 tuam
1875 978 1910 1014 a
1942 955 2120 1030 nobiS,
2161 966 2396 1036 propter
2423 957 2607 1016 Abra·

1403 1035 1537 1094 ham
1565 1034 1836 1094 dilectum
1875 1043 2037 1094 tuum
2079 1045 2140 1095 et
2182 1034 2341 1094 Isaac
2380 1055 2606 1094 servum

1403 1122 1566 1172 tuum
1595 1122 1655 1172 et
1682 1111 1863 1171 Israel
1886 1122 2142 1172 sanctum
2170 1122 2367 1186 tuum;
2446 1113 2608 1173 uibus

1404 1190 1619 1250 locutus
1641 1211 1719 1263 es,
1741 1190 2006 1269 pollicens
2030 1192 2180 1269 quod
2208 1134 2611 1270 multiplicares

1404 1290 1597 1330 semen
1626 1288 1821 1329 eorum
1848 1272 1991 1329 sicut
2016 1269 2207 1329 stellas
2226 1270 2351 1329 coeli
2380 1278 2439 1330 et
2465 1271 2611 1329 sicut

1405 1368 1638 1407 arenam
1654 1369 1781 1427 quae
1800 1348 1960 1407 estin
1978 1346 2169 1407 littore
2186 1350 2375 1407 maris.
2442 1348 2611 1420 Quia,

1408 1427 1674 1498 Domine,
1736 1426 2020 1484 imminuti
2047 1446 2238 1486 sumus
2289 1427 2415 1505 plus
2440 1447 2609 1505 quam

1407 1525 1606 1564 omnes
1647 1513 1868 1584 genteS,
1919 1523 2220 1583 sumusque
2262 1503 2503 1563 humiles
2549 1505 2611 1562 in

1409 1584 1671 1641 universa
1704 1593 1861 1640 terra
1900 1581 2066 1641 hodie
2105 1589 2341 1673 propter
2386 1592 2615 1660 peccata

1409 1671 1622 1719 nostra.
1702 1660 1781 1719 Et
1823 1679 1936 1717 non
1979 1666 2066 1719 est
2104 1680 2165 1717 in
2206 1669 2463 1738 tempore
2508 1659 2614 1718 hoc

1451 1740 1673 1817 rinceps
1714 1746 1773 1797 et
1818 1737 2097 1817 propheta
2142 1746 2201 1797 et
2241 1738 2381 1810 dux,
2429 1758 2612 1815 neque

1411 1760 1796 1875 {olocaustum
1836 1835 2020 1907 neque
2060 1815 2396 1875 sacrificium
2430 1835 2613 1894 neque

1411 1895 1620 1954 oblatio
1685 1913 1868 1972 neque
1934 1913 2224 1953 incensum
2291 1914 2397 1954 nec
2462 1893 2614 1953 locus

1411 1974 1794 2065 primitiarum
1845 1992 2034 2031 coram
2085 1980 2164 2044 te,
2218 1981 2284 2031 ut
2340 1973 2615 2064 possimus

1411 2052 1665 2110 invenire
1693 2050 2129 2109 misericordiam
2153 2072 2171 2124 ;
2212 2051 2313 2110 sed
2337 2071 2398 2108 m
2424 2050 2615 2111 animo

1412 2131 1658 2189 contrito
1705 2138 1764 2189 et
1805 2130 2009 2208 spiritu
2064 2127 2403 2188 humilitatis
2445 2128 2616 2188 susci-

1410 2208 1653 2288 piamur.
1737 2206 1894 2267 Sicut
1920 2208 1977 2264 in
2013 2206 2331 2267 holocausto
2369 2207 2614 2267 arietum

1412 2295 1473 2346 et
1514 2296 1807 2347 taurorum
1849 2298 1907 2346 et
1947 2287 2088 2345 sicut
2126 2287 2188 2344 in
2233 2285 2478 2345 millibus
2518 2306 2617 2366 ag-

1414 2384 1618 2423 norum
1658 2366 1972 2444 pinguium,
2016 2364 2095 2423 sic
2138 2364 2241 2423 fiat
2284 2365 2619 2424 sacrificium

1416 2453 1673 2503 nostrum
1726 2443 1787 2501 in
1840 2452 2140 2522 conspectu
2182 2452 2279 2501 tuo
2320 2443 2505 2515 hodie,
2553 2454 2620 2500 ut

1414 2520 1635 2601 placeat
1686 2521 1827 2592 tibi3
1882 2522 2015 2598 quia
2067 2541 2181 2580 non
2230 2529 2313 2580 est
2369 2522 2618 2579 confusio

1414 2600 1827 2659 confidentibus
1849 2599 1908 2655 in
1930 2607 2005 2657 te.
2063 2599 2141 2659 Et
2161 2620 2329 2670 nunc,
2351 2598 2619 2669 Domine,

1413 2678 1852 2756 sequimurJoeJ
1894 2677 1954 2734 in
1996 2685 2120 2735 toto
2171 2678 2341 2736 corde
2368 2684 2428 2737 et
2452 2678 2621 2737 time·

1415 2777 1540 2814 mus
1566 2764 1625 2814 te
1647 2765 1706 2815 et
1725 2754 2028 2833 quaerimus
2052 2753 2243 2813 faciem
2266 2763 2444 2813 tuam.
2523 2753 2621 2812 Ne

1414 2833 1722 2892 confundas
1758 2852 1878 2902 nos,
1906 2832 2003 2890 sed
2033 2831 2117 2889 fac
2144 2832 2431 2890 nobiscum
2451 2832 2624 2910 juxta

1416 2911 1906 2971 mansuetudinem
1959 2918 2119 2968 tuam
2189 2917 2249 2968 et
2314 2909 2621 2968 secundum

1417 2990 1842 3048 multitudinem
1886 2987 2286 3047 misericordiae
2326 2996 2459 3048 tuae.
2542 2988 2624 3046 Et

1417 3088 1552 3128 erue
1599 3088 1703 3127 nos
1748 3068 1808 3125 in
1852 3063 2196 3124 mirabilibus
2250 3065 2385 3137 tuis,
2438 3072 2499 3124 et
2550 3065 2627 3124 da

1414 3145 1654 3224 gloriam
1695 3145 1911 3204 nomini
1946 3155 2060 3215 tuo,
2089 3142 2351 3214 Domine,
2393 3151 2454 3202 et
2492 3162 2626 3201 con-

1416 3224 1730 3285 fundantur
1756 3243 1953 3282 omnes
1980 3222 2077 3301 qui
2111 3221 2423 3279 ostendunt
2447 3220 2625 3279 servis

1417 3303 1533 3360 tuis
1586 3301 1753 3361 mala.
1848 3300 2284 3361 Confundantur
2330 3298 2392 3355 in
2439 3299 2625 3358 omni-

1460 3382 1694 3454 otentia,
1737 3386 1797 3440 et
1837 3382 2009 3438 robur
2048 3397 2244 3437 eorum
2279 3385 2625 3436 conteratur.

1418 3400 1500 3517 {lt
1536 3460 1715 3518 sciant
1794 3459 1889 3516 uia
1928 3466 1994 3517 tu
2040 3477 2101 3515 es
2152 3456 2432 3515 Dominus
2471 3455 2628 3513 Deus

1420 3536 1587 3609 solus,
1627 3544 1686 3597 et
1720 3556 1760 3628 g
1782 3537 1996 3595 otiosus
2037 3554 2205 3613 super
2245 3554 2474 3594 omnem
2509 3540 2629 3592 ter-

1421 3635 1546 3672 ram
1575 3615 1824 3675 Domine
1853 3616 2007 3674 Deus
2036 3621 2244 3672 noster.

1505 3690 1810 3751 Gamala*

1494 3769 1688 3824 Tollite
1706 3768 1920 3837 hostias,
1937 3772 1994 3821 et
2010 3765 2230 3821 introite
2248 3765 2306 3818 in
2327 3764 2469 3820 atria
2483 3765 2632 3836 ejus:

1421 3839 1639 3896 adorate
1664 3839 1959 3893 Dominum
1981 3837 2038 3890 in
2066 3838 2193 3891 aula
2217 3843 2404 3891 sancta
2427 3836 2475 3907 ej
2484 3853 2561 3890 us.

1434 3912 1495 3964 V.
1570 3910 1851 3965 Revelabit
1879 3907 2143 3962 Dominus
2166 3907 2433 3961 condensa
2459 3925 2471 3961 ι
2497 3913 2553 3961 et
2574 3905 2634 3961 in

1422 3980 1626 4052 templo
1651 3981 1699 4052 ej
1709 3998 1770 4034 us
1794 3996 1981 4035 omnes
2004 3978 2183 4032 dicent
2205 3974 2471 4049 gloriam.¹

1422 4100 1452 4140 z
1488 4089 1575 4145 Ps.
1601 4087 1748 4144 xlvii.
1800 4086 1968 4141 xlviii.
1998 4086 2072 4158 1.)

1425 4160 1457 4199 ¹¹
1495 4178 1556 4214 ca
1596 4200 1608 4213 .
1653 4159 1731 4213 iii.
1834 4199 1847 4212 .
1890 4157 2069 4229 (Cant.
2106 4155 2291 4210 Trium
2342 4155 2640 4211 Puerorum

1427 4230 1594 4355 i''111011
1615 4229 1823 4354 {figent
1847 4297 1933 4352 92.
1962 4296 2047 4352 97.
2075 4297 2161 4352 98.
2187 4296 2284 4351 4L.

1427 4372 1446 4419 ι
1485 4388 1596 4425 non
1622 4369 1826 4424 habent
1849 4367 1937 4422 97.
1964 4367 2049 4422 98.
2077 4367 2174 4423 4L.

97 4444 121 4480 ¹
154 4444 309 4500 Dan.
334 4462 401 4500 ca
460 4443 536 4499 iii.
564 4462 609 4501 c.
637 4442 1007 4516 (Cant.Trium
1034 4443 1331 4497 Puerorum
1433 4442 1463 4480 k
1503 4442 1588 4495 Ps.
1616 4455 1730 4494 xcv.
1759 4436 1916 4510 (xcvi.
1944 4436 1993 4506 8,
2020 4435 2095 4576 93

99 4514 149 4583 4,
181 4515 235 4586 8,
265 4516 317 4587 s,
349 4516 378 4569 1
420 4516 460 4587 .)
539 4586 661 4651 16*

1430 4512 1449 4550 ¹
1486 4513 1573 4566 Ps.
1601 4509 1791 4566 xxviii.
1820 4506 1988 4579 (xxix.
2016 4505 2066 4561 9.
