2975 5009
335 244 464 313 207
587 260 807 310 rEmA
846 261 943 310 v1.

329 418 551 497 accipit,
580 426 639 477 et
666 426 973 497 congregat
1003 417 1249 477 fructum
1279 421 1339 478 in
1370 421 1546 478 vitam

330 505 648 556 aeternam:
699 506 783 568 ut,
833 506 895 555 et
933 498 1030 575 qui
1071 498 1336 570 seminat,
1377 498 1546 557 simul

330 575 592 653 gaudeat,
642 583 699 635 et
736 574 834 653 qui
877 576 1060 634 metit.
1143 576 1216 633 In
1251 576 1355 635 hoc
1391 578 1546 636 enim

332 661 419 712 est
465 656 701 713 verbum
755 673 990 712 verum:
1057 654 1192 732 quia
1248 654 1391 714 alius
1458 664 1548 715 est

331 732 428 808 qui
471 733 732 804 seminat,
782 740 843 791 et
887 730 1027 790 alius
1061 740 1152 791 est
1242 731 1300 791 ui
1355 734 1542 793 metit.

332 809 456 889 Ego
508 810 635 869 misi
682 830 781 869 vos
825 819 1044 869 metere
1091 751 1240 889 quod
1293 832 1391 871 vos
1429 831 1544 870 non

331 887 658 949 laborastis:
706 888 801 947 alii
829 888 1243 959 laboraverunt,
1272 899 1332 949 et
1358 909 1455 949 vos
1481 890 1541 948 in

330 965 550 1027 labores
571 987 767 1026 eorum
797 966 1089 1025 introistis.
1191 966 1286 1026 Ex
1316 968 1544 1030 civitate

329 1045 659 1105 autem·an
697 1044 862 1103 multi
903 1045 1268 1104 crediderunt
1307 1047 1368 1104 in
1409 1067 1540 1105 eum

329 1121 833 1194 Samaritanorum,
874 1130 1112 1203 propter
1139 1126 1374 1182 verbum
1416 1145 1543 1183 mu·-

328 1201 481 1261 lieris
523 1204 911 1261 testimonium
954 1201 1307 1280 perhibentis
1324 1224 1340 1274 ;
1396 1203 1543 1271 Quia

329 1280 480 1339 dixit
532 1280 674 1338 mihi
726 1280 917 1339 omnia
976 1299 1345 1358 quaecumque
1409 1282 1536 1341 feci.

325 1358 470 1420 cum
501 1360 783 1419 venissent
816 1378 953 1437 ergo
987 1359 1061 1417 ad
1100 1358 1260 1417 illum
1289 1360 1539 1420 Samari·

327 1438 466 1509 tani,
496 1444 836 1516 rogaverunt
875 1457 1005 1496 eum
1045 1443 1112 1495 ut
1150 1438 1229 1496 ibi
1258 1447 1535 1498 maneret.

329 1515 415 1576 Et
452 1518 660 1574 mansit
702 1515 780 1575 ibi
826 1514 966 1573 duos
1008 1514 1149 1574 dies.
1230 1515 1309 1575 Et
1356 1516 1538 1576 multo

328 1592 520 1673 plures
584 1595 947 1654 crediderunt
1002 1593 1061 1650 in
1117 1613 1247 1653 eum
1300 1605 1537 1674 propter

326 1692 645 1732 sermonem
687 1674 844 1751 ejus3
893 1682 954 1732 et
982 1670 1203 1731 mulieri
1233 1672 1498 1732 dicebant
1518 1696 1535 1747 ;

330 1750 481 1818 Quia
500 1752 619 1830 jam
647 1772 762 1809 non
789 1758 1027 1829 propter
1065 1757 1220 1808 tuam
1255 1750 1535 1830 loquelam

324 1830 643 1889 credimus:
714 1830 818 1909 ipsi
873 1827 1025 1887 enim
1091 1829 1423 1902 audivimus,
1476 1839 1539 1889 et

325 1907 548 1981 scimus,
601 1908 733 1987 quia
784 1906 875 1965 hic
941 1914 1027 1965 est
1093 1926 1226 1966 vere
1294 1908 1537 1967 salvator

327 1988 544 2045 mundi.

404 2065 820 2140 Offertorium.⁸

392 2140 625 2195 Intende
648 2141 761 2196 voci
798 2136 1054 2194 orationis
1091 2154 1239 2208 meae,
1265 2157 1361 2194 rex
1387 2158 1537 2196 meus

322 2216 377 2334 ἳξ
420 2212 563 2294 Deus
604 2229 755 2267 meus
799 2232 811 2264 :
855 2207 1112 2280 quoniam
1154 2211 1224 2263 ad
1266 2216 1321 2265 te
1357 2213 1533 2282 crahc,

377 2299 570 2335 omme.

337 2352 396 2405 V.
471 2352 650 2406 Verba
664 2369 783 2405 mea
797 2351 1017 2405 auribus
1032 2351 1254 2421 percipe,
1283 2351 1535 2407 Domine:

321 2422 566 2494 intellige
589 2423 869 2477 clamorem
896 2440 1092 2490 meum,
1120 2428 1175 2475 et
1198 2422 1392 2476 exaudi
1415 2440 1517 2477 me.

402 2494 641 2554 Secreta.

404 2572 663 2652 Respice,
692 2572 958 2645 Domine,
987 2573 1263 2654 propitius
1303 2573 1371 2630 ad
1409 2594 1533 2631 mu-

324 2670 464 2710 nera
502 2671 629 2729 quae
668 2670 979 2710 sacramus:
1024 2663 1088 2711 ut
1128 2661 1188 2711 et
1226 2651 1331 2710 tibi
1371 2659 1536 2730 grata

320 2729 457 2801 sint,
498 2739 556 2788 et
602 2729 762 2787 nobis
802 2729 1067 2789 salutaria
1112 2749 1337 2808 semper
1383 2731 1532 2790 exis-

321 2816 466 2865 tant.
551 2809 663 2867 Per
692 2808 1016 2867 Dominum.

398 2885 694 2963 PraefatiO.
778 2886 892 2954 Qui
919 2887 1194 2967 corporali
1217 2886 1450 2965 jejunio.

403 2963 789 3023 communiat>

388 3041 494 3106 Qui
520 3042 714 3096 biberit
748 3059 945 3112 aquam
979 3059 1141 3113 quam
1167 3058 1265 3125 ego
1289 3041 1371 3109 do,
1398 3040 1533 3095 dicit

318 3112 581 3167 Dominus
626 3113 979 3169 Samaritanae
1019 3132 1030 3166 :
1067 3114 1161 3167 fiet
1202 3130 1261 3164 m
1303 3129 1366 3167 eo
1411 3111 1533 3165 fons

314 3200 472 3253 aquae
494 3184 734 3239 salientis
749 3184 810 3237 in
833 3184 1000 3239 vitam
1025 3190 1299 3238 oeternam.

395 3256 866 3314 Postco‘mmuniO.

397 3334 586 3412 Hujus
606 3353 726 3404 noS,
746 3333 1008 3404 Domine,
1031 3332 1318 3411 perceptio
1344 3351 1529 3390 sacra-

317 3413 498 3470 menti
524 3412 763 3471 mundet
779 3433 815 3469 a
832 3411 1068 3470 crimine
1096 3418 1156 3468 et
1180 3411 1253 3468 ad
1283 3408 1531 3469 coelestia

316 3511 492 3568 regna
518 3491 806 3567 perducat.
890 3489 1004 3548 Per
1033 3489 1365 3547 Dominum.

392 3568 578 3646 Super
595 3568 890 3646 populum.

392 3647 710 3705 Humiliate
735 3643 921 3723 capita
945 3653 1135 3704 vestra
1162 3643 1304 3702 Deo.
1384 3712 1389 3718 ,

393 3725 615 3783 Oratio,

420 3804 657 3874 Praesta,
740 3819 1078 3877 quaesumus,
1166 3799 1525 3878 omnipotens

313 3881 490 3953 DeuS,
531 3890 597 3940 ut
634 3879 730 3958 qui
769 3879 829 3935 in
867 3887 965 3936 tua
1005 3877 1353 3956 protectione
1393 3898 1526 3936 con-

314 3960 564 4031 fidimus,
609 3966 810 4016 cuncta
847 3957 1006 4015 nobis
1057 3955 1413 4016 adversantia
1466 3965 1527 4016 te

310 4038 618 4115 adjuvante
645 4037 947 4093 vincamus.
1035 4035 1149 4095 Per
1175 4034 1505 4094 Dominum.

305 4193 335 4223 ⁸
370 4185 457 4239 Ps.
483 4203 532 4239 v.
561 4185 635 4256 (v.
664 4183 715 4252 2,
746 4183 822 4254 1.)

306 4257 334 4295 b
367 4255 570 4310 Johan.
598 4272 662 4309 ca
701 4296 713 4309 .
739 4254 809 4308 iv.
841 4253 912 4325 (v.
938 4253 1047 4326 14).

305 4337 331 4365 0
369 4326 454 4381 Ps.
476 4344 524 4382 v.
555 4327 625 4449 (Ξ.
690 4367 703 4395 ,
731 4325 807 4396 2.)

303 4398 334 4436 (ἱ
369 4396 440 4452 ib.
469 4397 539 4468 (v.
604 4396 642 4467 .)

1124 261 1338 311 HEBD.
1377 262 1485 311 111.
1519 260 1666 319 QUA
1679 262 2134 313 DRAGEsfflAE.

1630 3565 1935 3642 justorum.

2276 263 2612 314 sABBAro.
2754 252 2886 317 208

1764 421 2085 497 Sabbato
2106 436 2269 519 post
2302 424 2532 499 Oculi.

1740 520 1845 578 Ad
1867 521 2130 580 Missam.
2216 521 2522 598 Officium!³

1743 597 1942 658 Verba
1993 620 2122 659 mea
2185 602 2416 659 auribus
2460 601 2706 679 percipe,
2766 602 2880 659 Do-

1660 675 1848 738 mine:
1890 676 2146 757 intellige
2186 675 2488 738 clamorem
2520 699 2753 751 meum3
2799 681 2880 737 in-

1659 757 1834 815 tende
1861 756 1980 814 voci
2007 756 2288 818 orationis,
2305 777 2470 817 meae.

1736 833 2058 893 Psalmus.‘¹

1728 909 1847 965 Rex
1870 927 2022 966 meus
2045 916 2100 966 et
2125 911 2269 966 Deus
2298 927 2464 965 meus.

1737 983 2058 1042 Flectamus
2082 1004 2284 1062 genua.
2368 983 2606 1061 Levate.

1738 1060 1958 1121 Oratio.

1760 1138 2001 1211 Praesta,
2085 1159 2425 1219 quoesumus,
2512 1140 2875 1220 omnipotens

1654 1215 1841 1277 Deus:
1884 1225 1950 1276 ut
1987 1218 2171 1296 quise
2196 1218 2503 1297 affligendo
2542 1239 2784 1278 carnem
2813 1224 2876 1279 ab

1651 1294 1937 1355 alimentis
1962 1295 2270 1368 abstinent,
2298 1297 2567 1356 sectando
2584 1298 2875 1374 justitiam

1652 1394 1689 1432 a
1713 1373 1876 1453 culpa
1891 1374 2175 1453 jejunent.
2257 1374 2374 1434 Per
2401 1375 2742 1435 Dominum.

1729 1449 1925 1510 Lectio
1953 1450 2230 1511 Danielis
2258 1450 2607 1531 Prophetae.e

1730 1528 1806 1589 In
1832 1531 2028 1592 diebus
2048 1530 2178 1603 illis,
2202 1532 2349 1590 Erat
2371 1533 2458 1589 vir
2472 1531 2533 1588 in
2553 1530 2879 1608 Babylone,

1651 1616 1713 1666 et
1753 1628 1959 1668 nomen
2007 1610 2128 1688 ejus
2174 1609 2455 1669 Joachim.
2537 1609 2617 1668 Et
2654 1630 2803 1671 acce
2842 1614 2878 1670 it

1649 1704 1890 1747 uxorem
1912 1689 2139 1746 nomine
2160 1687 2492 1760 Susannam,
2513 1687 2699 1746 filiam
2811 1690 2877 1750 el-

1650 1763 1812 1837 chiae,
1866 1765 2160 1846 pulchram
2225 1766 2395 1825 nimis
2448 1775 2509 1825 et
2557 1768 2873 1828 timentem

1651 1842 1858 1901 Deum.
1941 1845 2219 1904 Parentes
2270 1853 2462 1903 autem
2516 1843 2688 1918 illius,
2755 1868 2876 1906 cum

1650 1930 1840 1982 essent
1874 1922 2035 2000 justi,
2084 1923 2419 1982 erudierunt
2471 1922 2651 1982 filiam
2715 1945 2874 1984 suam

1650 2000 1955 2058 secundum
1984 2000 2167 2080 legem
2195 2002 2404 2078 Moysi.
2487 2002 2633 2060 Erat
2671 2012 2873 2063 autem

1648 2078 1693 2135 J
1694 2078 1910 2136 oachim
1953 2080 2108 2138 dives
2147 2079 2308 2138 valde
2348 2089 2408 2138 et
2435 2087 2555 2138 erat
2582 2080 2636 2139 ei
2665 2102 2874 2172 pome-

1647 2156 1799 2214 rium
1815 2156 2056 2215 vicinum
2078 2157 2270 2216 domui
2290 2178 2423 2217 suae.
2485 2157 2564 2216 Et
2580 2159 2654 2217 ad
2675 2180 2872 2239 ipsum

1648 2234 2004 2294 confluebant
2022 2236 2064 2294 J
2065 2236 2231 2307 udaei,
2259 2256 2326 2295 eo
2352 2236 2500 2313 quod
2518 2246 2667 2296 esset
2690 2238 2873 2298 hono-

1649 2312 1880 2372 rabilior
1905 2313 2177 2372 omnium.
2285 2314 2365 2374 Et
2406 2315 2709 2374 constituti
2745 2328 2874 2377 sunt

1647 2391 1760 2449 duo
1777 2411 1937 2451 senes
1944 2392 2162 2470 judices
2183 2392 2245 2449 in
2263 2413 2412 2451 anno
2433 2392 2545 2465 illo,
2566 2394 2641 2452 de
2660 2398 2872 2473 quibus

1648 2468 1864 2529 locutus
1890 2480 1977 2529 est
2002 2471 2298 2543 Dominus,
2333 2471 2475 2548 ,quia
2513 2491 2762 2550 egressa
2791 2484 2869 2534 est

1647 2547 1913 2625 iniquitas
1937 2548 2012 2609 de
2048 2547 2340 2625 Babylone
2366 2570 2401 2607 a
2425 2550 2757 2612 senioribus
2787 2554 2868 2632 ju-
2953 2557 2954 2574 ³

1644 2626 1858 2685 dicibus
1873 2627 1970 2704 qui
1991 2627 2328 2686 videbantur
2348 2648 2544 2705 regere
2607 2631 2863 2707 opulum.

1649 2700 1758 2764 Isti
1802 2703 2235 2782 frequentabant
2279 2706 2510 2763 domum

1647 2790 1706 2841 et
1726 2784 2028 2844 veniebant
2047 2785 2120 2842 ad
2136 2804 2229 2843 eos
2246 2804 2439 2843 omnes
2455 2785 2552 2863 qui
2574 2784 2868 2848 habebant

1638 2861 1868 2938 judicia.
1912 2861 2056 2921 Cum
2073 2872 2263 2922 autem
2280 2860 2515 2940 populus
2531 2868 2869 2928 revertisset

1646 2947 1775 3018 post
1826 2941 2142 3012 meridiem,
2186 2940 2612 3019 ingrediebatur
2650 2942 2867 3004 Susan-

1645 3021 1737 3091 n'a,
1786 3026 1846 3078 et
1890 3018 2287 3079 deambulabat
2337 3018 2397 3076 in
2451 3022 2716 3098 pomerio
2758 3024 2863 3082 viri

1644 3096 1748 3154 sui.
1829 3096 1910 3156 Et
1945 3097 2214 3156 videbant
2239 3116 2365 3156 eam
2405 3116 2569 3170 senes
2602 3103 2865 3176 quotidie
2947 3121 2948 3132 ¹

1643 3174 2060 3252 ingredientem
2123 3185 2183 3234 et
2240 3174 2746 3251 deambulantem3
2810 3189 2868 3240 et

1642 3262 1977 3312 exarserunt
2026 3254 2087 3311 in
2145 3254 2654 3333 concupiscentiam
2723 3259 2864 3337 ejus.

1642 3329 1722 3390 Et
1761 3339 2093 3390 averterunt
2131 3351 2356 3391 sensum
2389 3352 2576 3404 suum,
2603 3341 2665 3392 et
2691 3334 2867 3396 decli·

1641 3418 1923 3469 naverunt
1960 3409 2146 3470 oculos
2184 3430 2310 3469 suos
2351 3417 2418 3467 ut
2444 3431 2562 3469 non
2594 3411 2864 3476 viderent

1640 3487 1858 3560 coelum,
1871 3508 2054 3566 neque
2069 3488 2502 3547 recordarentur
2510 3489 2860 3567 judiciorum

2044 3567 2282 3625 Factum
2338 3574 2426 3626 est
2476 3575 2672 3626 autem
2729 3590 2861 3629 cum

1640 3645 2005 3704 observarent
2038 3645 2194 3703 ‘diem
2233 3653 2431 3723 aptum
2466 3646 2695 3723 quando
2733 3669 2862 3707 eam
2941 3665 2942 3668 ’

1638 3732 1872 3800 possent
1897 3722 2152 3781 invenire
2180 3722 2394 3781 solam:
2440 3723 2696 3801 ingressa
2736 3734 2866 3786 est¹
2939 3749 2940 3798 ᾗ

1637 3800 1939 3880 aliquando
1984 3803 2127 3860 sicut
2165 3799 2292 3860 heri
2340 3808 2400 3860 et
2442 3801 2862 3865 nudiustertius
2939 3815 2940 3890 ζ

1638 3899 1766 3937 cum
1818 3880 2038 3952 duabus
2097 3877 2227 3938 solis
2331 3877 2513 3951 uellis,
2567 3878 2862 3961 voluitque

1639 3956 1812 4015 lavari
1829 3958 1889 4015 in
1910 3957 2180 4035 pomerio.
2258 3899 2459 4015 AEstus
2479 3958 2687 4035 quippe
2710 3972 2858 4022 erat.

1640 4035 1720 4095 Et
1744 4056 1859 4094 non
1887 4046 2012 4095 erat
2036 4037 2115 4095 ibi
2142 4034 2435 4113 quisquam
2470 4043 2682 4113 praeter
2713 4039 2860 4100 duos
2933 4075 2936 4086 =

1640 4192 1665 4220 θ
1699 4199 1811 4308 capl.
1855 4182 1968 4237 xiii.
2012 4182 2081 4235 A.
2125 4181 2291 4253 (Hist.
2333 4182 2597 4238 Susaunoe
2635 4198 2687 4239 v.
2738 4186 2853 4258 1-9,

1638 4251 2291 4379 ἓῗὲοῖέξθᾴῗέἒῖ)

2598 2708 2869 2769 oachim:
2949 2707 2952 2748 ‘=
