2975 5009
146 279 261 344 221

236 452 442 525 Feria
474 464 734 547 quarm
754 466 916 547 post
950 455 1252 527 Laetare.

216 549 319 607 Ad
343 550 613 608 Missam.
702 550 1008 626 Officium.³

217 628 353 686 Cum
400 629 780 687 sanctificatus
831 629 989 688 fuero
1034 630 1095 686 in
1144 631 1333 689 vobis:

149 710 482 786 congregabo
507 728 606 766 vos
632 708 707 767 de
731 708 1006 767 universis
1031 709 1200 766 terris
1223 729 1235 765 ε
1279 717 1339 766 et

150 784 421 843 effundam
461 806 633 864 super
658 806 756 843 vos
781 806 983 864 aquam
1024 787 1296 844 mundam
1322 809 1336 846 τ

151 871 204 922 et
226 863 630 922 mundabimini
664 865 739 922 ab
778 866 1037 922 omnibus
1078 865 1338 942 inquina-

152 942 339 999 mentis
364 943 568 1001 vestris
611 951 670 1002 et
709 943 856 1001 dabo
882 943 1036 1002 vobis
1076 943 1339 1020 spiritum

153 1038 358 1077 novum.

220 1098 530 1155 Psalmus.b

215 1174 526 1229 Benedicam
570 1175 863 1229 Dominum
909 1175 968 1228 in
1010 1174 1160 1229 omni
1203 1180 1340 1230 tem-

155 1261 265 1315 pore
290 1265 300 1298 :
323 1262 532 1317 semper
548 1246 666 1300 laus
690 1247 808 1318 ejus
830 1247 888 1299 in
914 1263 1004 1300 ore
1028 1263 1161 1300 mcc.

363 1319 484 1375 itur
525 1318 727 1376 Oratio
766 1318 886 1375 sine
929 1318 1207 1376 Dominus
1243 1338 1342 1375 vo-

155 1393 368 1466 biscum,
407 1397 503 1453 sed
557 1404 777 1454 tantum
822 1417 950 1453 cum
995 1395 1241 1456 Oremus
1291 1404 1342 1454 et

159 1472 463 1533 Flectamus
488 1495 692 1553 genua.
776 1474 1009 1534 Levate.

226 1551 435 1610 Oratio.

225 1629 390 1701 DeuS,
433 1630 531 1708 qui
584 1640 644 1689 et
680 1629 850 1710 justis
888 1629 1125 1708 praemia
1164 1632 1337 1688 meri-

158 1715 346 1779 torum,
388 1719 450 1767 et
495 1709 879 1786 peccatoribus
922 1727 1026 1787 per
1057 1708 1341 1786 jejunium

157 1787 358 1845 veniam
401 1789 650 1865 praebes:
694 1788 960 1847 miserere
998 1786 1340 1864 supplicibus

159 1865 271 1936 tuis,
309 1874 373 1923 ut
411 1875 599 1924 reatus
633 1867 811 1924 nostri
846 1863 1116 1923 confessio
1156 1865 1342 1923 indul-

157 1944 386 2018 gentiam
416 1944 600 2003 valeat
620 1953 645 1982 ⁰
673 1944 962 2023 percipere
989 1943 1340 2002 delictorum.

160 2020 258 2079 Per
282 2022 607 2080 Dominum.

226 2097 412 2159 Lectio
440 2099 752 2159 Ezechielis
779 2100 1130 2176 Prophetoe.d

225 2178 365 2238 Haec
389 2178 528 2239 dicit
567 2180 845 2238 Dominus
875 2181 1048 2250 DeuS,
1077 2177 1340 2237 Sanctifi-

158 2257 277 2314 cabo
301 2277 507 2317 nomen
538 2278 724 2316 meum
754 2277 1046 2333 magnum,
1073 2265 1138 2315 ut
1164 2257 1343 2316 sciant

160 2333 361 2395 Gentes
378 2337 506 2413 quia
532 2357 636 2415 ego
664 2336 963 2407 Dominus,
983 2355 1110 2392 cum
1138 2334 1340 2393 sancti-

158 2412 340 2472 ficatus
356 2414 511 2473 fuero
527 2415 584 2472 in
599 2415 753 2473 vobis
770 2434 956 2472 coram
975 2414 1071 2472 eis·
1121 2413 1342 2472 'Pollam

157 2493 348 2570 quippe
373 2513 468 2551 vos
493 2493 567 2552 de
591 2493 890 2563 GentibuS,
913 2500 973 2550 et
992 2494 1343 2571 congregabo

159 2589 246 2627 vos
263 2572 333 2629 de
358 2572 632 2631 universis
657 2572 845 2643 terriS,
868 2580 927 2629 et
952 2570 1227 2629 adducam
1246 2591 1347 2628 vos

158 2648 212 2704 in
231 2657 436 2707 terram
452 2658 716 2709 vestram.
767 2651 845 2709 Et
867 2648 1157 2707 effundam
1175 2669 1344 2728 super

159 2745 247 2784 vos
270 2748 466 2805 aquam
493 2730 790 2800 mundam,
830 2736 889 2786 et
930 2727 1343 2786 mundabimini

160 2806 224 2862 ab
262 2807 512 2866 omnibus
565 2806 1009 2886 inquinamentis
1037 2807 1255 2879 vestriS,
1284 2816 1344 2864 et

159 2884 224 2940 ab
238 2885 505 2944 universis
530 2886 696 2944 idolis
711 2884 911 2943 vestris
928 2886 1211 2943 mundabo
1229 2904 1342 2943 VOS.

163 2961 236 3019 Et
263 2964 402 3022 dabo
429 2966 585 3024 vobis
620 2985 715 3022 cor
743 2983 969 3034 novum,
998 2972 1057 3022 et
1082 2963 1346 3041 spiritum

160 3059 351 3099 novum
370 3063 574 3120 ponam
598 3044 655 3100 in
678 3042 863 3101 medio
881 3042 1055 3101 vestri
1077 3063 1087 3099 z
1117 3051 1176 3100 et
1195 3041 1345 3100 aufe·

162 3138 273 3175 ram
299 3141 389 3178 cor
414 3122 700 3200 lapideum
740 3121 811 3179 de
852 3140 1021 3179 carne
1049 3129 1252 3192 vestra,
1289 3128 1348 3178 et

162 3196 295 3255 dabo
321 3202 467 3258 vobis
495 3221 592 3259 cor
617 3219 899 3260 carneum.
980 3199 1060 3259 Et
1086 3199 1346 3278 spiritum

165 3284 436 3359 {novume
474 3299 682 3357 ponam
721 3278 782 3335 in
821 3277 1010 3336 medio
1036 3277 1244 3337 vestri:
1295 3284 1354 3335 et

165 3351 349 3412 faciam
374 3366 437 3416 ut
462 3357 524 3415 in
551 3356 851 3436 praeceptis
870 3356 1008 3415 meis
1034 3356 1352 3426 ambuletiS,

166 3440 219 3491 et
233 3434 432 3511 judicia
451 3457 578 3495 mea
597 3435 918 3494 custodiatis
939 3442 996 3493 et
1018 3434 1347 3512 operemini.

167 3510 241 3569 Et
255 3511 570 3573 habitabitis
585 3515 644 3571 in
660 3522 834 3585 terra,
845 3533 1012 3590 quam
1022 3513 1153 3571 dedi
1171 3512 1349 3591 patri-

166 3590 260 3648 bus
277 3594 502 3652 vestris:
535 3601 595 3651 et
621 3590 778 3650 eritis
805 3592 944 3649 mihi
972 3592 1030 3648 in
1059 3590 1348 3670 populum,

167 3677 220 3725 et
244 3689 340 3748 ego
366 3691 463 3730 ero
481 3672 637 3729 vobis
664 3669 723 3726 in
750 3670 957 3742 Deum,
986 3669 1124 3728 dicit
1152 3669 1352 3729 Domi-

165 3765 262 3804 nus
286 3750 655 3827 omnipotens,

243 3824 533 3886 Gradale5

229 3901 428 3973 Venite,
463 3904 580 3973 filii,
606 3902 789 3958 audite
812 3920 900 3958 me
926 3923 937 3958 ι
965 3903 1210 3957 timorem
1248 3902 1351 3958 Do-

168 3971 290 4027 mini
311 3975 506 4031 docebo
529 3992 636 4029 vos.

180 4040 232 4096 V.
298 4046 554 4102 Accedite
578 4045 648 4099 ad
677 4061 801 4099 eum
834 4051 889 4099 et
924 4043 1313 4100 illuminamini
1342 4065 1353 4098 ;

167 4117 216 4166 et
234 4116 385 4173 facies
402 4125 593 4173 vestrae
618 4132 726 4169 non
752 4115 1163 4170 confundentur.

169 4267 194 4297 a
222 4260 398 4320 Ezeeh.
426 4283 538 4348 cap.
568 4264 747 4319 xxxvi.
777 4249 847 4387 Y·
875 4263 1092 4336 23-26.)

172 4331 197 4369 b
226 4333 306 4387 Ps.
332 4337 518 4390 xxxiii.
572 4336 855 4405 xxxiv..)

171 4412 191 4439 ⁶
219 4407 543 4462 omnium.—
583 4408 631 4460 4.
662 4407 746 4460 97.

169 4473 192 4511 ‘¹
222 4492 326 4547 cap.
354 4479 534 4533 xxxvi.
564 4478 622 4532 Ε.
654 4477 722 4548 (v.
752 4475 973 4544 23-28.)

172 4555 191 4582 e
220 4550 572 4604 meum-92.
603 4549 688 4602 98.
720 4544 815 4601 4L.
850 4547 930 4599 15.
960 4546 1026 4599 V.

810 295 1029 344 FERIA
1080 297 1374 355 QUARTA
1421 300 1595 349 POST
1630 299 1960 347 LAETARE.

2516 280 2655 343 222

1520 454 1662 513 N'o‘n
1683 463 1964 533 repetatur
1988 453 2255 524 (Ji-adele,
2275 453 2369 511 sed
2390 459 2663 529 sequatur

1443 534 1723 594 Dominus
1744 534 2023 592 vobiscum
2042 541 2091 590 et
2110 532 2430 590 Flectamus
2449 549 2654 609 genua.

1442 612 1677 672 Levate.

1527 690 1746 749 Oratio,

1503 769 1739 839 Proesta,
1754 786 2090 845 quaesumuS,
2102 764 2462 844 omnipotens
2479 766 2662 835 Deus,

1443 857 1508 906 ut
1546 867 1686 926 quos
1718 847 1940 924 jejunia
1974 845 2159 903 votiva
2196 844 2498 921 castigant,
2539 844 2660 922 ipsa

1442 946 1663 1003 quoque
1716 925 1943 984 devotio
2009 932 2204 981 sancta
2257 922 2533 994 laetificet,
2589 929 2661 979 ut

1443 1005 1688 1063 terrenis
1739 1003 2035 1062 affectibus
2089 1001 2386 1079 mitigatiS‚
2446 999 2662 1060 facilius

1443 1081 1692 1141 coelestia
1715 1081 2016 1161 capiamus
2099 1079 2229 1138 Per.

1521 1160 1642 1218 Hic
1668 1160 1940 1218 dicuntur
1965 1158 2266 1218 Memoriae
2293 1165 2575 1216 consuetae.

1521 1238 1714 1296 Lectio
1741 1238 1939 1296 Esaiae
1964 1238 2311 1314 Prophetoess

1524 1318 1670 1375 Haec
1689 1317 1827 1375 dicit
1844 1316 2124 1374 Dominus
2145 1317 2315 1386 DeuS,
2336 1313 2652 1384 Lavamini,

1445 1395 1645 1453 mundi
1674 1403 1873 1464 estote,
1901 1393 2122 1453 auferte
2154 1393 2364 1450 malum
2397 1392 2655 1471 cogitati-

1446 1494 1619 1533 onum
1647 1486 1959 1531 vestrarum
1984 1473 2054 1529 ab
2076 1470 2246 1529 oculis
2268 1473 2441 1530 meis:
2470 1471 2654 1548 quies-

1444 1555 1555 1610 cite
1571 1571 1740 1627 agere
1768 1569 2051 1628 perverse,
2070 1548 2269 1607 discite
2290 1548 2618 1607 benefacere
2641 1570 2654 1607 ε

1444 1629 1685 1708 quaerite
1703 1628 1998 1707 judicium,
2040 1627 2334 1685 subvenite
2374 1646 2656 1705 oppresso,

1438 1709 1689 1786 judicate
1709 1705 1941 1786 pupillo,
1960 1704 2246 1764 defendite
2265 1705 2506 1762 viduam.
2575 1704 2656 1762 Et

1450 1786 1657 1856 venite,
1687 1794 1743 1845 et
1768 1785 1989 1865 arguite
2032 1804 2139 1855 me,
2167 1782 2305 1841 dicit
2332 1783 2647 1841 Dominus:

1447 1867 1494 1923 si
1522 1863 1734 1923 fuerint
1813 1871 1999 1922 eccata
2025 1870 2212 1920 vestra
2248 1870 2313 1919 ut
2352 1861 2655 1931 coccinum,

1445 1944 1603 2020 quasi
1632 1942 1734 1999 nix
1805 1941 2211 2001 ealbabuntur:
2254 1949 2313 1998 et
2354 1938 2402 1996 si
2440 1938 2654 1998 fuerint

1448 2024 1620 2080 rubra
1646 2021 1802 2099 quasi
1830 2017 2185 2090 vermiculus,
2206 2017 2362 2077 velut
2381 2017 2510 2076 lana
2528 2016 2656 2075 alba

1447 2109 1633 2160 erunt.
1717 2100 1778 2159 Si
1808 2098 2112 2167 volueritiS‚
2142 2104 2200 2155 et
2225 2096 2516 2155 audieritis
2541 2116 2652 2167 me,

1445 2180 1593 2237 bona
1617 2186 1791 2237 terrae
1829 2176 2153 2250 comedetis,
2194 2175 2335 2234 dicit
2374 2174 2653 2234 Dominus

1446 2257 1820 2335 omnipotens.

1529 2334 1835 2393 Gradale.h

1520 2412 1688 2467 Beata
1724 2430 1869 2483 gens,
1909 2411 1994 2483 cuj
2003 2429 2063 2464 us
2098 2416 2179 2466 est
2215 2409 2478 2464 Dominus
2510 2409 2652 2465 Deus

1446 2501 1630 2538 eorum
1658 2483 1925 2556 :populus
1942 2500 2102 2553 quem
2121 2481 2284 2553 elegit
2312 2480 2576 2535 Dominus
2594 2481 2653 2534 in

1443 2554 1814 2609 haereditatem
1840 2553 1956 2607 sibi.

1454 2626 1515 2679 V.
1587 2625 1764 2681 Verbo
1796 2623 2014 2677 Domini
2050 2622 2169 2677 coeli
2204 2622 2405 2675 firmati
2441 2628 2571 2675 sunt
2595 2628 2649 2676 et

1443 2695 1639 2769 spiritu
1662 2696 1768 2749 oris
1792 2695 1909 2765 ejus
1936 2694 2111 2747 omnis
2135 2693 2306 2747 virtus
2329 2709 2529 2747 eorum.

1526 2768 1781 2824 Tractus.
1863 2764 1941 2817 De
1966 2764 2370 2818 necessitatibus
2392 2763 2540 2816 meis.
2585 2773 2647 2822 ut

1443 2865 1618 2923 supra
1630 2844 1790 2921 feria
1817 2852 2020 2919 quarta
2033 2852 2161 2919 post
2188 2842 2587 2902 Reminiscere.

1507 2922 1889 2999 Evanqelium
1910 2944 1927 2979 .·
1946 2921 2264 2981 Secundum
2291 2920 2345 2978 J
2339 2919 2648 2978 ohannem.¹

1528 3000 1602 3058 In
1644 2999 1739 3058 illo
1778 3008 2055 3077 tempore,
2098 2999 2444 3057 Praeteriens
2474 2998 2517 3057 J
2520 3020 2645 3057 esus

1447 3079 1592 3138 vidit
1618 3079 1906 3137 hominem
1935 3098 2142 3135 caecum
2170 3076 2516 3135 anativitate
2540 3100 2553 3136 :
2585 3085 2644 3135 et

1447 3159 1941 3237 interrogaverunt
1993 3176 2122 3214 eum
2175 3153 2428 3231 discipuli
2489 3156 2641 3232 ejus;

1449 3237 1653 3308 Rabbi,
1691 3237 1815 3314 quis
1845 3235 2113 3315 peccavit,
2141 3233 2233 3291 hic
2257 3241 2356 3290 aut
2382 3247 2644 3309 parentes

1449 3316 1587 3387 e'uS,
1609 3323 1673 3373 ut
1692 3335 1869 3374 caecus
1889 3314 2250 3372 nasceretur?
2330 3310 2647 3390 Respondit

1446 3336 1651 3466 Jlesu83
1693 3393 1899 3470 Neque
1926 3391 2017 3449 hic
2051 3391 2299 3471 peccavit
2338 3410 2520 3469 neque
2545 3411 2647 3470 pa-

1448 3480 1638 3531 rentes
1659 3473 1777 3549 ejus
1800 3492 1810 3528 :
1834 3472 1933 3529 sed
1950 3479 2015 3528 ut
2031 3470 2461 3529 manifestentur
2477 3488 2648 3545 opera

1448 3550 1559 3609 Dei
1580 3552 1640 3608 in
1667 3550 1779 3607 illo.
1861 3549 1965 3607 Me
1993 3557 2216 3628 oportet
2236 3547 2455 3627 operari
2476 3566 2645 3623 opera

1449 3630 1587 3706 ejuS,
1604 3629 1701 3707 qui
1724 3629 1878 3686 misit
1898 3649 2009 3698 me,
2027 3629 2204 3685 donec
2221 3628 2340 3685 dies
2362 3634 2468 3685 est:
2492 3626 2647 3684 venit

1449 3727 1585 3779 noir,
1652 3708 1876 3785 quando
1935 3726 2102 3764 nemo
2167 3713 2354 3784 potest
2405 3704 2644 3782 operari.

1454 3785 1737 3853 Quamdiu
1790 3785 1850 3841 in
1905 3785 2115 3842 mundo
2172 3804 2314 3852 sum,
2368 3782 2467 3838 lux
2520 3803 2643 3839 sum

1451 3865 1665 3922 mundi.
1742 3860 1962 3921 jHaecj
1989 3883 2114 3920 cum
2142 3862 2391 3931 dixisset,
2422 3860 2647 3938 exspuit

1450 3942 1510 3999 in
1540 3951 1770 4012 terram,
1807 3950 1866 4000 et
1903 3940 2036 4000 fecit
2065 3939 2245 3998 lutum
2275 3960 2348 3997 ex
2376 3948 2559 4017 spate,
2589 3949 2647 3996 et

1449 4020 1637 4079 linivit
1656 4021 1836 4078 lutum
1859 4040 2026 4097 super
2048 4019 2229 4076 oculos
2250 4019 2387 4095 ejuS‚
2415 4026 2473 4075 et
2498 4017 2649 4075 dixit

1448 4100 1537 4171 ei;
1590 4098 1773 4170 Vade,
1816 4106 1875 4157 et
1914 4098 2036 4156 lava
2074 4097 2132 4153 in
2173 4097 2454 4156 natatoria
2481 4094 2648 4174 Syloe

1450 4262 1471 4298 f
1507 4262 1578 4315 Ps
1622 4261 1808 4315 xxxiii.
1839 4261 2040 4327 (xxxiv.
2073 4260 2154 4329 11,
2184 4260 2257 4331 5.)

1451 4342 1478 4379 8
1514 4350 1628 4403 cap.
1655 4332 1691 4386 i.
1722 4332 1782 4385 E.
1838 4350 1886 4385 v.
1919 4331 2134 4400 16-19.)

1452 4403 1480 4439 h
1519 4403 1591 4455 Ps
1615 4402 1781 4455 xxxii.
1835 4401 2021 4455 xxxiii.
2048 4402 2128 4466 12,
2159 4401 2233 4471 6.)

1452 4472 1465 4509 i
1504 4491 1614 4543 cap.
1643 4472 1715 4526 ix.
1745 4472 1812 4525 A.
1854 4473 1924 4541 (v.
1957 4472 2133 4541 1-38.)

1448 4543 1463 4589 j
1507 4544 1695 4599 hoc.—
1717 4542 1815 4596 4L.
1849 4542 1929 4596 13.
1963 4542 2043 4594 15.
