2975 5009
127 205 235 270 469
288 222 450 272 ΗΕΒ.
480 219 657 273 Posi·
676 224 741 272 n.
764 223 875 272 111.
902 223 1076 273 Posi*
1103 224 1292 274 ram.

127 377 201 449 tis,
235 397 581 455 quaesumus,
609 388 676 439 ut
715 398 816 438 nos
855 399 1053 440 eorum
1093 381 1306 440 virtute

128 463 176 513 et
209 476 244 513 a
281 457 435 516 vitiis
477 459 737 516 omnibus
780 457 993 537 expies,
1041 467 1102 517 et
1143 459 1306 518 donis

126 535 303 624 gratiae
328 545 446 594 tuae
465 536 685 616 jugiter
712 536 946 614 repleas.
1030 537 1145 596 Per
1186 537 1305 596 Do-

128 631 339 671 minum.

205 834 417 907 Feria
474 848 755 930 quarta.

184 931 280 990 Ad
308 931 710 992 Timotkemn.⁸

186 1009 503 1082 Carissimo,
530 1008 814 1070 Dominus
840 1011 983 1070 mihi
1010 1011 1210 1084 astitit,
1244 1021 1303 1071 et

125 1087 440 1146 confortavit
465 1109 577 1162 me,
605 1098 671 1149 ut
708 1110 813 1181 per
840 1110 934 1149 me
973 1091 1300 1168 praedicatio

123 1166 498 1245 adimpleatur,
521 1175 581 1226 et
597 1169 834 1228 audiant
851 1189 1045 1227 omnes
1070 1176 1296 1248 gentes:

155 1245 233 1302 uia
281 1243 555 1304 liberatus
621 1267 746 1305 sum
799 1249 872 1307 de
938 1267 1037 1306 ore
1102 1247 1295 1306 leonis.

164 1324 395 1382 iberavit
422 1344 514 1382 me
543 1325 819 1384 Dominus
845 1327 915 1384 ab
943 1325 1097 1383 omni
1125 1345 1295 1404 opere

121 1400 282 1459 malo:
351 1409 414 1460 et
466 1400 682 1461 salvum
733 1403 900 1464 faciet
950 1403 1013 1461 in
1055 1423 1296 1481 regnum

120 1499 261 1537 suum
304 1478 566 1552 coeleste3
626 1482 733 1560 ipsi
772 1482 952 1562 gloria
993 1482 1054 1539 in
1096 1479 1300 1540 saecula

118 1556 451 1629 saeculorum,
478 1563 508 1602 b
527 1561 776 1619 Amen.b

418 1636 484 1694 ia
501 1638 685 1696 sancti
702 1638 1012 1716 Evanyelii
1031 1660 1051 1696 .·
1092 1635 1299 1696 Secun-

116 1713 236 1772 dum
262 1713 350 1771 M
342 1715 654 1772 atthaeum.⁰

179 1792 250 1850 In
277 1791 375 1850 illo
415 1801 691 1871 tempore,
720 1793 891 1853 Dixit
929 1795 973 1854 J
974 1815 1100 1855 esus
1134 1792 1299 1851 disci-

117 1868 244 1947 pulis
269 1872 406 1942 suiS,
436 1871 577 1930 Esto
601 1873 956 1933 consentiens
977 1872 1299 1932 adversario

1635 225 1804 277 nou.
1840 227 1939 276 1v.
1974 226 2145 276 Posm
2179 226 2372 276 Tam.
2506 209 2633 277 470

1419 391 1519 441 tuo
1559 382 1673 442 cito
1712 382 1850 441 dum
1891 403 1951 442 es
1990 382 2053 440 in
2092 383 2185 440 via
2226 402 2353 441 cum
2398 402 2501 441 eo:
2554 402 2628 441 ne

1417 460 1568 521 forte
1607 463 1799 521 tradat
1838 469 1899 520 te
1938 461 2292 520 adversarius
2329 460 2522 540 judici,
2565 468 2627 519 et
2710 502 2717 510 -

1409 539 1594 617 judex
1619 540 1807 599 tradat
1840 547 1900 599 te
1928 540 2224 598 ministro:
2262 547 2321 599 et
2346 541 2405 596 in
2433 558 2620 598 carce-

1416 638 1541 678 rem
1581 619 1844 677 mittaris.
1946 620 2141 676 Amen
2182 618 2308 676 dico
2346 618 2473 688 tibi,
2501 637 2616 675 non

1416 697 1572 755 exies
1612 697 1766 767 inde,
1793 698 1971 756 donec
2010 696 2215 755 reddas
2253 696 2617 755 novissimum

1415 775 1811 855 quadrantem.
1914 775 2177 834 Audistis
2221 775 2355 853 quia
2400 773 2615 832 dictum

1416 861 1504 914 est
1530 855 1811 932 antiquis:
1856 853 1995 912 Non
2023 852 2407 912 moechaberis.
2490 851 2617 930 Ego

1413 941 1607 991 autem
1660 934 1787 992 dico
1839 933 2033 992 vobis:
2102 932 2236 1008 quia
2287 931 2471 990 omnis
2515 930 2614 1008 qui

1415 1011 1625 1069 viderit
1665 1010 1960 1070 mulierem
1996 1010 2072 1069 ad
2110 1009 2615 1087 concupiscendum

1416 1110 1561 1162 eam,
1594 1090 1718 1168 jam
1746 1090 2053 1149 moechatus
2080 1086 2171 1147 est
2196 1108 2320 1146 eam
2359 1088 2420 1144 in
2446 1087 2616 1147 corde

1410 1188 1527 1227 sue.
1612 1168 1782 1236 Quod
1803 1169 1850 1226 si
1869 1166 2056 1228 oculus
2077 1175 2207 1224 tuus
2226 1166 2435 1226 dexter
2453 1184 2615 1225 soan-

1409 1246 1621 1306 dalizat
1645 1255 1723 1318 te,
1751 1267 1885 1305 erue
1913 1266 2041 1306 eum
2070 1252 2131 1303 et
2157 1246 2368 1323 projice
2393 1246 2492 1304 abs
2517 1250 2611 1304 te:

1409 1326 1437 1364 ‘¹
1456 1326 1691 1402 expedit
1736 1326 1890 1384 enim
1937 1324 2043 1384 tibi
2082 1333 2149 1381 ut
2201 1332 2398 1401 pereat
2435 1341 2614 1380 unum

1411 1406 1795 1462 membrorum
1821 1411 2067 1473 tuorum,
2084 1420 2256 1478 quam
2279 1410 2464 1461 totum
2484 1420 2611 1459 cor-

1411 1501 1518 1560 pus
1540 1491 1703 1540 tuum
1725 1482 1990 1541 mittatur
2015 1482 2077 1537 in
2104 1479 2449 1557 gehennam.
2531 1478 2616 1537 Et

1412 1561 1460 1619 si
1498 1561 1737 1618 dextera
1772 1579 1972 1617 manus
2011 1567 2110 1617 tua
2149 1556 2491 1615 scandalizat
2533 1565 2613 1626 te,

1411 1637 1634 1696 abscide
1651 1657 1775 1695 eam
1792 1645 1852 1696 et
1871 1637 2082 1716 projice
2097 1636 2199 1693 abs
2215 1642 2298 1694 te:
2341 1634 2616 1713 “expedit

1412 1717 1568 1775 enim
1588 1716 1694 1775 tibi
1719 1724 1786 1774 ut
1811 1723 2007 1794 pereat
2027 1732 2202 1771 unum
2224 1714 2612 1771 membrorum

1411 1803 1661 1867 tuorum,
1688 1815 1857 1873 quam
1887 1802 2068 1853 totum
2098 1810 2297 1869 corpus
2332 1799 2494 1850 tuum
2522 1801 2616 1850 eat

1412 1873 1471 1930 in
1499 1871 1839 1952 gehennam;

632 2124 1017 2199 Dominica
1090 2140 1348 2222 quarta
1406 2139 1569 2222 post
1644 2127 2076 2199 Tainitatem.

184 2306 289 2366 Ad
315 2306 580 2365 Missam.
667 2305 979 2384 Officium.⁰

187 2385 465 2447 Dominus
490 2383 830 2444 illuminatio
857 2407 1018 2445 mea:
1061 2396 1120 2446 et
1160 2386 1306 2445 salus

123 2482 253 2537 mea,
351 2482 484 2522 uem
531 2464 781 2524 timebo:
840 2466 1117 2523 Dominus
1170 2463 1305 2525 ‘de-

122 2540 297 2601 fensor
382 2541 518 2599 vitae
558 2562 721 2613 meae,
750 2561 786 2599 a
822 2561 935 2619 quo
972 2542 1305 2623 trepidabo:

125 2619 210 2696 qui
232 2618 514 2680 tribulant
553 2641 644 2679 me
671 2620 885 2678 inimici
912 2622 1060 2682 mei:
1104 2630 1134 2669 ⁸
1151 2623 1260 2701 ipsi
1281 2632 1310 2670 ⁸

123 2696 389 2757 infirmati
414 2705 548 2756 sunt
574 2706 636 2757 et
659 2700 1006 2759 ceciderunt.

193 2775 516 2835 Psalmus.¹1

182 2853 238 2908 Si
282 2853 583 2909 consistant
637 2853 918 2909 adversum
965 2871 1054 2910 me
1099 2859 1312 2910 castra:

124 2939 225 2978 non
247 2923 466 2979 timebit
489 2940 577 2979 cor
598 2941 796 2981 meum.

194 2994 416 3054 Oratio.

194 3073 493 3133 Protector
536 3071 596 3130 in
642 3082 702 3132 te
743 3093 768 3131 s
810 3074 1092 3133 erantium
1139 3074 1313 3147 Deus,

121 3152 236 3211 sine
260 3172 378 3231 quo
406 3149 551 3208 nihil
581 3160 668 3209 est
693 3172 762 3209 va
784 3153 958 3225 idum,
987 3152 1132 3210 nibil
1157 3172 1313 3210 sanc-

123 3239 277 3303 tum3
337 3228 650 3307 multiplica
707 3250 878 3309 super
929 3250 1032 3288 nos
1094 3231 1314 3289 miseri-

121 3309 366 3367 cordiam
394 3316 586 3379 tuam3
629 3316 694 3367 ut
720 3317 779 3367 te
806 3316 1046 3379 rectore,
1067 3316 1126 3367 te
1151 3309 1311 3380 duce,

119 3386 194 3445 sic
233 3396 589 3446 transeamus
627 3405 733 3464 per
773 3388 920 3444 bona
961 3386 1313 3465 temporalia,

118 3474 180 3523 ut
205 3486 319 3523 non
346 3465 675 3522 amittamus
706 3472 941 3523 aeterna.
1024 3463 1155 3524 Per.

196 3543 306 3600 Ad
331 3542 653 3599 Βοίηαηοε.1

193 3621 449 3690 Fratres,
489 3619 775 3678 Existimo
814 3619 966 3680 enim
1009 3620 1159 3697 quod
1200 3640 1315 3680 non

116 3701 317 3759 isuntl
348 3698 648 3775 condignae
675 3700 957 3777 passiones
984 3697 1150 3775 hujus
1172 3707 1316 3758 tem-

191 3778 269 3835 ris
310 3777 387 3835 ad
428 3775 680 3835 futuram
715 3774 954 3856 gloriam
989 3796 1117 3854 quse
1159 3797 1319 3837 reve-

770 3854 928 3915 Nam
974 3856 1323 3933 exspectatio

170 3858 329 3916 bitur
369 3854 433 3912 in
477 3854 654 3913 nobis.

115 4090 144 4120 ⁸
176 4081 215 4134 2
238 4081 309 4136 ad
333 4079 471 4134 Tim.
497 4096 561 4134 ca
599 4121 611 4134 .
637 4080 707 4135 iv.
735 4080 793 4134 G.
822 4080 893 4152 (v.
924 4081 1008 4150 17,
1037 4081 1146 4152 18.)

116 4152 145 4191 b
179 4168 293 4206 non
319 4151 524 4205 habent
583 4150 633 4204 2.
661 4150 747 4206 97.
773 4151 858 4206 98.

116 4233 145 4331 5,
175 4239 296 4348 (ἒξ.
319 4220 862 4346 {anissis-2⁵.

114 4375 139 4403 Θ
179 4364 269 4418 Ρει.
295 4361 439 4417 xxvi.
469 4362 656 4434 (xxvii.
687 4362 733 4430 1,
760 4362 837 4432 2.)

110 4436 129 4472 ¹
179 4431 737 4567 protector—932034.
768 4433 851 4489 97.
882 4433 965 4486 98.
995 4433 1154 4486 Grad.

1419 2319 1696 2370 creaturas
1750 2310 2156 2371 revelationem
2203 2307 2452 2366 filiorum
2506 2305 2620 2365 Dei

1419 2397 1729 2469 exspectat.
1840 2388 2105 2449 Vanitati
2157 2387 2309 2448 enim
2363 2392 2622 2444 creatura

1418 2470 1674 2545 subjecta
1713 2475 1801 2527 est
1839 2488 1954 2526 non
1994 2466 2207 2538 volens,
2246 2465 2347 2524 sed
2384 2470 2620 2542 propter

1420 2565 1552 2604 eum
1577 2545 1672 2624 qui
1698 2546 1937 2623 subjecit
1963 2549 1993 2586 ¹¹
2010 2565 2136 2604 eam
2155 2543 2187 2580 k
2213 2543 2274 2601 in
2303 2563 2439 2622 spe:
2494 2540 2626 2619 quia

1425 2632 1484 2683 et
1511 2624 1632 2702 ipsa
1656 2633 1917 2684 creatura
1941 2621 2276 2682 liberabitur
2295 2641 2330 2678 a
2350 2619 2623 2679 servitute

1423 2702 1800 2781 corruptionis
1826 2700 1885 2757 in
1925 2701 2247 2760 libertatem
2286 2698 2485 2777 gloriae
2512 2696 2624 2755 fili-

1424 2800 1587 2838 orum
1618 2779 1749 2838 Dei.
1830 2777 2048 2837 Scimus
2074 2779 2228 2838 enim
2261 2776 2412 2853 quod
2438 2775 2624 2835 omnis

1424 2864 1683 2917 creatura
1716 2857 2038 2937 ingemiscit
2065 2865 2126 2915 et
2164 2853 2411 2933 parturit
2447 2872 2624 2932 usque

1426 2935 1627 2995 adhuc.
1707 2936 1845 2995 Non
1871 2932 2052 2993 solum
2078 2943 2271 2993 autem
2298 2931 2412 3003 illa,
2438 2932 2539 2991 sed
2565 2940 2626 2992 et

1428 3034 1532 3072 nos
1576 3015 1683 3108 ipsi
1729 3014 2009 3094 primitias
2050 3012 2297 3090 Spiritus
2333 3010 2627 3081 habentes,

1427 3100 1487 3151 et
1514 3092 1622 3172 ipsi
1648 3094 1802 3152 intra
1827 3111 1930 3150 nos
1956 3091 2236 3170 gemimus
2263 3088 2627 3166 adoptionem

1429 3170 1676 3232 filiorum
1732 3171 1840 3230 Dei
1884 3176 2275 3248 exspectantes
2316 3167 2507 3225 redem
2552 3166 2627 3225 ti-

1426 3268 1592 3308 onem
1621 3251 1872 3329 corporis
1900 3247 2082 3307 nostri
2121 3243 2183 3302 in
2219 3243 2449 3304 Christo
2529 3263 2627 3303 esu

1429 3327 1681 3388 Domino
1706 3335 1918 3386 nostre.

1510 3405 1801 3468 Gradale}

1501 3485 1776 3557 Propitius
1807 3487 1933 3553 estc,
1968 3479 2212 3548 Domine,
2247 3478 2477 3550 peccatis
2511 3493 2631 3532 nos-

1429 3561 1567 3615 tris:
1594 3574 1663 3611 ne
1692 3553 1909 3625 quando
1946 3552 2132 3607 dicant
2171 3555 2372 3621 gentes,
2416 3547 2511 3602 ubi
2553 3552 2636 3604 est

1431 3631 1575 3686 Deus
1597 3643 1797 3682 eorum.

1441 3701 1504 3756 V.
1577 3697 1804 3768 Adjuva
1838 3710 1950 3763 nos,
1982 3690 2127 3746 Deus
2149 3690 2401 3745 salutaris
2427 3694 2630 3745 noster:

1432 3777 1489 3827 et
1513 3773 1729 3842 propter
1745 3767 2000 3821 honorem
2019 3761 2257 3818 nominis
2278 3761 2374 3831 tui,
2388 3761 2632 3837 Domine,

1434 3842 1605 3898 libera
1626 3854 1740 3893 nos.

1432 4084 1465 4183 ¹81
1496 4090 1609 4157 non
1634 4070 1837 4124 habent
1861 4067 1944 4120 92.
1974 4065 2058 4118 94.
2087 4065 2173 4118 98.
2200 4064 2297 4119 4L.
2327 4066 2411 4121 57.
2440 4066 2601 4124 Gmd.

1431 4217 1450 4332 Ξ
1500 4139 2188 4337 Ξέἐ(ἲῑῑέἷ2)υρέν4ὶ8-23.)

1436 4357 1465 4394 k
1504 4371 1613 4407 non
1638 4351 1843 4405 habent
1866 4346 1952 4399 92.
1980 4345 2064 4399 98.
2092 4344 2189 4399 4L.
2221 4347 2305 4399 57.

1435 4427 1449 4464 ¹
1502 4426 1587 4478 Ps.
1615 4418 1822 4476 lxxviii.
1852 4415 2041 4487 (lxxix.
2070 4415 2120 4485 9,
2154 4415 2262 4487 10.)
2290 4433 2374 4472 xx.
2405 4417 2536 4488 (xxi.
2568 4419 2641 4491 1.)
