2975 5009
38 252 39 255 ’
143 258 267 324 405
348 278 564 331 inssA
596 281 1081 341 Domchms
1110 293 1575 353 nnsnoimm
1606 308 1904 367 Qum-'mn
1937 312 2109 362 rosa·
2142 317 2447 369 PAsan.
2538 308 2672 374 406

293 522 530 599 Missa
582 529 1061 610 Dominicalis
1112 540 1566 621 hebdomadae
1623 555 1886 649 quintae
1929 509 2094 653 post
2144 563 2448 639 Pascha.

206 705 311 763 Ad
333 706 604 770 Missam.
689 713 967 791 Officium.

207 781 416 844 Vocem
463 790 837 865 jocunditatis
883 800 1224 861 annunciate
1271 813 1332 864 et

142 862 399 937 audiatur,
442 865 714 944 alleluya:
758 876 1023 936 nunciate
1050 899 1224 957 usque
1255 884 1330 941 ad

142 948 444 1000 extremum
485 952 680 1018 terrae,
709 950 1006 1014 Liberavit
1043 956 1330 1021 Dominus

139 1019 385 1096 populum
415 1042 600 1096 suum,
626 1026 885 1106 alleluya,
911 1032 1169 1112 alleluya.

201 1097 518 1157 Paazmuw

191 1173 434 1232 Jubilate
480 1177 596 1234 Deo
636 1183 814 1237 omnis
855 1190 1010 1257 terra,
1055 1190 1326 1261 psalmum

133 1242 272 1325 dicite
310 1248 542 1331 nomini⁸
570 1250 701 1321 ejus,
744 1254 870 1311 date
905 1258 1135 1330 gloriam
1173 1262 1325 1318 laudi

134 1330 159 1366 e
178 1332 247 1371 us.

150 1332 174 1385 J
202 1385 416 1448 Oratio·

197 1464 364 1539 Deus,
391 1488 428 1527 a
452 1488 566 1547 quo
592 1480 791 1532 cuncta
816 1475 963 1535 bona
987 1480 1319 1558 procedunt,

133 1538 314 1622 largire
355 1547 702 1626 supplicibus
736 1553 867 1626 tuis,
896 1565 963 1615 ut
988 1559 1317 1637 cogitemuS,

133 1626 182 1677 te
217 1623 552 1702 inspirante,
598 1647 725 1705 quae
770 1642 927 1692 recta
966 1645 1117 1707 sunt,
1159 1646 1219 1696 et
1258 1648 1318 1700 te

128 1700 465 1790 gubernante
488 1705 685 1765 eadem
707 1707 992 1771 faciamus.
1060 1713 1176 1774 Per
1196 1717 1316 1777 Do-

130 1796 346 1839 minum.

172 1854 385 1991 lLbectio
420 1858 704 1938 Epistozoe
730 1865 880 1925 beati
911 1867 967 1926 J
961 1871 1119 1929 acobi
1155 1893 1313 1951 apos-

127 1938 171 1990 to
190 1935 226 1992 i.

190 2012 495 2088 carissimi,
537 2017 739 2079 Estote
778 2020 1019 2084 factores
1054 2028 1213 2086 verbi
1256 2038 1315 2089 et

126 2107 223 2148 non
260 2092 550 2153 auditores
597 2105 843 2172 tantum,
885 2101 1145 2165 fallentes
1187 2127 1313 2167 vos-

127 2170 394 2262 metipsos.
500 2172 652 2241 Quia
693 2177 740 2234 si
787 2179 911 2255 quis
956 2191 1042 2241 est
1086 2185 1313 2246 auditor

126 2250 260 2306 verbi
289 2258 350 2307 et
377 2269 495 2307 non
520 2250 730 2312 factor:
774 2255 866 2315 hic
893 2263 1314 2340 comparabitur

123 2325 227 2384 viro
278 2328 661 2390 consideranti
710 2332 930 2394 vultum
997 2341 1311 2401 nativitatis

122 2421 220 2463 suae
245 2406 304 2463 in
344 2406 605 2485 speculo:
647 2413 1019 2476 consideravit
1050 2420 1203 2476 enim
1230 2441 1307 2494 se,

121 2489 173 2539 et
211 2485 369 2558 abiit,
410 2492 472 2544 et
513 2488 708 2549 statim
751 2492 956 2552 oblitus
998 2504 1086 2555 est
1130 2498 1308 2574 qualis

121 2556 290 2621 fuerit.
416 2563 535 2631 Qui
588 2575 777 2626 autem
834 2577 1194 2651 perspexerit
1247 2578 1307 2635 in

119 2634 226 2718 lege
242 2641 512 2719 perfectae
531 2641 827 2721 libertatis,
851 2659 909 2708 et
930 2655 1308 2728 permanserit

119 2714 172 2772 in
190 2739 268 2793 ea,
288 2739 404 2778 non
432 2722 659 2781 auditor
686 2724 984 2788 obliviosus
1001 2729 1180 2791 factus
1207 2734 1307 2793 sed

113 2790 274 2855 factor
312 2798 519 2876 operia
552 2799 644 2860 hic
683 2804 882 2864 beatus
919 2806 977 2864 in
1018 2807 1166 2868 facto
1205 2831 1305 2870 suo

117 2873 227 2932 erit.
329 2875 391 2934 Si
432 2878 559 2954 quis
597 2887 788 2939 autem
828 2892 995 2962 putat
1026 2905 1085 2946 se
1111 2887 1304 2968 religi-

116 2969 256 3010 osum
275 2973 416 3028 esse,
427 2975 541 3012 non
559 2957 867 3020 refraenans
885 2962 1135 3042 linguam
1146 2986 1303 3025 suam

112 3030 201 3086 sed
243 3033 516 3092 seducens
559 3055 658 3093 cor
710 3058 891 3112 suum,
947 3041 1116 3120 hujus
1158 3065 1305 3105 vana

113 3115 188 3166 est
202 3109 420 3189 religio.
473 3111 699 3192 Religio
719 3119 932 3177 munda
953 3129 1012 3179 et
1031 3122 1303 3181 immacu-

113 3182 214 3244 lata
235 3191 384 3267 apud
429 3191 615 3249 Deum
643 3202 704 3252 et
743 3197 994 3271 Patrem,
1023 3199 1148 3259 haeo
1173 3211 1299 3263 est:

109 3262 349 3326 Visitare
375 3268 617 3346 pupillos
639 3280 698 3331 et
717 3275 909 3334 viduas
928 3276 989 3334 in
1016 3278 1302 3339 tribulati-

108 3359 205 3401 one
231 3365 447 3419 eorum,
477 3355 537 3406 et
575 3348 1000 3413 immaculatum
1027 3375 1088 3415 se
1116 3367 1299 3418 custo-

108 3419 221 3481 dire
247 3425 318 3481 ab
346 3424 454 3484 hoc
480 3427 702 3485 saeculo.

166 3499 438 3574 Alleluya.
476 3503 537 3558 V.
591 3504 775 3575 Usque
787 3507 946 3563 modo
961 3526 1073 3564 non
1090 3512 1301 3583 petistis

104 3569 381 3640 quicquam
428 3572 491 3627 in
537 3577 758 3633 nomine
804 3596 962 3634 meo:
1023 3583 1193 3653 petite
1244 3590 1300 3638 et

103 3639 378 3712 accipietis.

163 3712 438 3784 Alleluya.
489 3715 553 3781 V.
621 3715 866 3774 Surrexit
889 3720 1148 3793 Christus,
1178 3723 1298 3794 jam

101 3793 203 3906 11οὲ
238 3784 472 3837 moritur
496 3805 508 3839 ε
533 3802 676 3841 mors
699 3789 783 3842 illi
806 3790 952 3847 ultra
979 3810 1092 3848 non
1128 3794 1297 3848 domi-

100 3865 167 3905 na
200 3851 354 3908 itur<²

173 3923 495 3984 Secundum
519 3925 576 3984 J
568 3927 891 3991 ohwnnem.²¹

171 4000 246 4059 In
275 4003 375 4062 illo
413 4012 691 4084 tempore,
718 4008 887 4070 Dixit
925 4011 969 4070 J
970 4032 1094 4072 esus
1133 4014 1296 4077 disci-

98 4079 239 4154 pulis
272 4082 424 4155 suis3
474 4083 691 4159 Amen,
719 4107 906 4164 amen,
933 4091 1060 4150 dico
1099 4094 1293 4156 vobis:

94 4302 120 4332 a
153 4294 739 4374 Ps.lxv.(lxvi·1‚2·)

92 4364 118 4403 b
149 4367 330 4493 ..affl
354 4369 419 4424 D.
448 4370 518 4442 (v.
546 4371 766 4454 22-27.)
874 4465 884 4476 ι

90 4438 258 4580 zea.
286 4458 485 4582 ..50⁸⁹
644 4443 714 4514 ⁰⁷·
742 4445 885 4517 Μ’
913 4448 981 4504 “⁶¹
1175 4468 1289 4523 ‘'²¹'‘

518 4582 645 4646 26*

1447 732 1497 790 si
1536 735 1675 814 quid
1715 739 1997 817 petieritis
2038 743 2272 805 Patrem
2319 748 2379 807 in
2423 752 2655 814 nomine

1447 831 1593 885 me0,
1631 817 1791 875 dabit
1837 820 2013 879 vobis.
2096 823 2297 901 Usque
2336 827 2506 886 modo
2538 849 2653 889 non

1446 891 1670 969 petistis
1721 896 2033 975 quidquam
2081 900 2139 959 in
2195 904 2426 965 nomine
2478 927 2651 968 meo:

1445 971 1626 1044 petite
1668 983 1728 1032 et
1766 977 2069 1055 accipietis,
2110 990 2177 1038 ut
2216 983 2485 1060 gaudium
2532 1007 2649 1046 ves-

1444 1056 1601 1107 trum
1629 1051 1704 1111 sit
1729 1052 1980 1130 plenum.
2061 1057 2296 1118 Haecin
2378 1065 2648 1125 roverbiis

1444 1121 1660 1187 locutus
1696 1151 1822 1190 sum
1858 1135 2030 1194 vobis.
2114 1135 2297 1198 Venit
2380 1159 2479 1199 ora
2517 1163 2645 1202 cum

1438 1203 1558 1282 jam
1605 1228 1719 1267 non
1766 1211 1826 1268 in
1867 1214 2179 1290 proverbiis
2226 1215 2425 1296 loquar
2469 1222 2645 1294 vobiS,

1441 1284 1542 1342 sed
1583 1286 1769 1363 palam
1804 1291 1878 1348 de
1918 1290 2090 1351 Patre
2129 1314 2258 1355 meo
2294 1299 2647 1360 annunciabo

1440 1364 1616 1422 vobis.
1683 1365 1793 1424 Illo
1811 1367 1904 1428 die
1923 1370 1985 1427 in
2006 1372 2234 1433 nomine
2254 1393 2381 1434 meo
2407 1379 2642 1454 petetis:

1439 1447 1500 1498 et
1553 1463 1668 1501 non
1720 1445 1845 1502 dico
1897 1449 2055 1507 vobis
2099 1451 2232 1527 quia
2283 1472 2387 1530 ego
2432 1459 2645 1531 rogabo

1436 1518 1675 1580 Patrem
1721 1523 1794 1581 de
1840 1526 2031 1586 vobis:
2094 1528 2215 1605 ipse
2262 1532 2416 1588 enim
2467 1532 2644 1593 Pater

1436 1606 1591 1657 amat
1644 1618 1759 1672 vOS,
1813 1603 1946 1678 quia
1996 1623 2093 1663 vos
2146 1626 2239 1665 me
2292 1609 2538 1682 amastis,
2585 1620 2642 1670 et

1435 1676 1753 1736 credidistis
1818 1679 1951 1757 quia
2013 1702 2119 1761 ego
2182 1703 2217 1741 a
2280 1685 2405 1744 Deo
2466 1689 2637 1747 exivi.

1437 1753 1611 1811 Exivi
1657 1776 1692 1814 a
1728 1757 1918 1831 Patre,
1960 1767 2021 1818 et
2059 1761 2189 1819 veni
2228 1762 2288 1820 in
2322 1765 2636 1827 mundum:

1433 1831 1643 1891 iterum
1683 1835 1938 1915 relinquo
1978 1840 2271 1912 mundum,
2301 1849 2361 1899 et
2386 1843 2529 1902 vado
2568 1845 2640 1904 ad

1436 1909 1692 1970 Patrem.
1789 1914 2005 1974 Dicunt
2059 1916 2112 1976 ei
2163 1918 2422 1997 discipuli
2475 1922 2635 1999 ejus;

1432 1987 1580 2048 Ecce
1632 2012 1784 2050 nunc
1848 1993 2031 2072 palam
2084 1995 2342 2074 loqueris,
2398 2005 2456 2056 et
2508 2021 2637 2078 pro—

1431 2068 1686 2127 verbium
1728 2069 1944 2130 nullum
1981 2072 2136 2133 dicis.
2233 2074 2408 2134 Nunc
2433 2077 2638 2138 scimus

1429 2146 1562 2223 quia
1599 2148 1704 2207 scis
1744 2151 1950 2223 omnia,
1978 2159 2038 2210 et
2070 2172 2185 2211 non
2226 2173 2365 2233 opus
2405 2163 2492 2214 est
2530 2158 2634 2215 tibi

1432 2231 1496 2281 ut
1523 2226 1646 2302 quis
1674 2235 1731 2285 te
1758 2226 2101 2310 interroget:
2143 2232 2204 2289 in
2226 2231 2333 2293 hoc
2354 2234 2634 2294 credimus

1429 2302 1561 2378 quia
1585 2323 1619 2360 a
1646 2305 1771 2364 Deo
1798 2307 1985 2367 existi.

1513 2380 1923 2456 Offertorium.0

1500 2456 1825 2532 Benedicite,
1870 2468 2073 2535 genteri,
2120 2463 2417 2519 Dominum
2457 2467 2633 2523 Deum

1427 2534 1674 2584 nostrum
1706 2551 1718 2584 t
1741 2542 1797 2586 et
1814 2535 2067 2587 obaudite
2088 2551 2270 2591 vocem
2293 2537 2470 2591 laudis
2492 2540 2633 2610 ejus:

1426 2599 1523 2668 qui
1559 2602 1739 2671 posuit
1765 2604 2007 2656 animam
2037 2621 2212 2658 meam
2249 2606 2319 2660 ad
2355 2608 2541 2678 vitam,
2580 2616 2636 2664 et

1425 2686 1538 2722 non
1563 2671 1711 2724 dedit
1733 2675 2054 2727 commoveri
2076 2676 2237 2744 pedes
2259 2693 2406 2731 meos
2425 2697 2437 2744 ;
2476 2680 2635 2735 bene-

1423 2739 1602 2793 dictus
1637 2741 1901 2796 Dominus
1925 2742 2020 2812 qui
2061 2760 2172 2798 non
2206 2747 2411 2801 amovit
2451 2749 2633 2819 depre-

1424 2809 1692 2863 cationem
1718 2812 1895 2867 'meam
1922 2832 1935 2866 :
1961 2819 2017 2868 et
2040 2813 2460 2871 misericordiam
2478 2836 2635 2874 suam

1423 2897 1459 2934 a
1481 2896 1583 2949 me,
1609 2880 1862 2954 alleluya.

1502 2951 1741 3011 Secreta.

1502 3029 1751 3110 Suscipe,
1779 3051 2116 3109 qnaesumus‚
2147 3033 2414 3107 Domine,
2444 3034 2628 3096 fideli-

1421 3127 1520 3166 um
1538 3129 1732 3188 preces
1747 3130 1874 3168 cum
1896 3110 2267 3169 oblationibus
2295 3112 2628 3188 hostiarum,

1419 3194 1486 3244 ut
1526 3207 1631 3265 per
1657 3188 1783 3247 haec
1823 3188 1934 3268 piae
1973 3189 2287 3249 devotionis
2328 3192 2514 3250 officia
2553 3195 2624 3252 ad

1420 3265 1703 3326 coelestem
1730 3264 1969 3345 gloriam
1997 3274 2369 3327 transeamus,
2452 3270 2585 3330 Per.

1507 3343 1886 3404 communio!

1492 3420 1722 3477 Cantate
1780 3421 2025 3492 Domin0,
2075 3421 2314 3494 alleluya
2359 3444 2370 3476 ε
2414 3429 2631 3480 cantate

1418 3491 1651 3547 Domino
1675 3498 1730 3547 et
1765 3493 2063 3549 benedicite
2098 3509 2295 3547 nomen
2335 3493 2466 3565 ejus,
2493 3497 2630 3550 bene

1417 3564 1675 3618 nunciate
1711 3565 1778 3618 de
1812 3565 1900 3618 die
1936 3564 1997 3617 in
2033 3564 2177 3619 diem
2215 3565 2451 3619 salutare
2493 3566 2624 3639 eju8‚

1415 3633 1668 3705 alleluya,
1694 3635 1946 3707 alleluya.

1495 3705 1967 3764 Postcommumb.

1494 3782 1705 3843 Tribue
1745 3785 1925 3857 nobie,
1971 3783 2235 3857 Domine,
2284 3804 2620 3862 quaesumuS,

1415 3861 1657 3921 coelestis
1684 3882 1896 3922 mensae
1920 3863 2133 3922 virtute
2160 3863 2398 3937 satiatiS,
2425 3873 2485 3923 et
2523 3865 2621 3923 de-

1415 3938 1664 3999 siderare
1704 3960 1831 4018 quae
1871 3950 2029 4000 recta
2054 3950 2185 4000 sunt
2214 3953 2275 4002 et
2299 3943 2621 4003 desiderata

1415 4018 1726 4097 percipere.
1809 4019 1926 4079 Per
1953 4021 2282 4079 Dominum.

1412 4312 1440 4349 ἃ
1478 4329 1591 4384 cap.
1620 4313 1727 4366 xvi.
1756 4312 1816 4364 E.
1845 4312 1915 4383 (v.
1944 4312 2165 4386 23-30.)

1413 4393 1437 4420 θ
1475 4383 1561 4436 Ps.
1588 4383 1694 4437 lxv.
1724 4382 1872 4451 (lxvi.
1900 4383 1949 4450 8,
1976 4383 2025 4453 9,
2054 4384 2168 4455 20.)

1409 4453 1432 4490 f
1479 4453 1567 4508 Ps.
1594 4469 1709 4508 xcv.
1740 4452 1896 4524 (xcvi.
1928 4452 1974 4522 1,
2002 4453 2080 4525 2.)
