2975 5009
350 274 479 337 231
782 284 1003 332 rama
1034 284 1134 332 v1.

357 444 484 503 haec
519 441 777 512 dixisset,
816 441 955 499 abiit
981 450 1043 499 et
1070 442 1287 501 vocavit
1312 441 1562 499 Mariam

357 540 611 581 sororem
637 541 797 578 suam
823 519 1067 591 silentio,
1092 521 1320 590 dioens;
1348 519 1567 598 Magis·

359 611 455 659 ter
477 599 658 669 adest,
686 613 747 658 et
767 609 929 656 vocat
952 607 1029 656 te.
1116 599 1227 657 Illa
1246 609 1311 657 ιιι
1328 598 1564 669 audivit,

360 677 617 737 surrexit
653 677 786 747 cito,
814 687 876 735 et
900 677 1059 735 venit
1082 678 1155 735 ad
1182 698 1313 736 eum
1336 699 1354 746 3
1400 676 1565 733 Non-

360 757 501 815 dum
527 756 681 813 euim
712 763 947 815 venerat
965 755 1009 813 J
1010 776 1136 813 aeus
1154 757 1215 813 iu
1234 753 1528 814 castellum
1549 778 1565 814 ε

362 836 466 894 sed
490 843 617 893 erat
640 833 823 891 adhuc
850 835 909 890 in
935 832 1032 892 illo
1060 833 1201 905 loeo,
1240 835 1341 892 ubi
1378 854 1568 891 oecur-

364 921 523 972 rerat
573 913 629 971 ei
680 910 935 970 Martha.
1029 910 1225 971 Judaei
1269 932 1425 990 ergo,
1471 912 1571 988 qui

365 999 535 1051 erant
570 1011 700 1048 cum
727 1011 797 1049 ea
819 990 880 1047 in
904 989 1097 1061 domo,
1122 1001 1185 1050 et
1207 990 1571 1049 consolaban-

365 1081 466 1128 tur
490 1089 638 1139 eam,
677 1089 807 1126 cum
842 1068 1119 1128 vidissent
1153 1070 1403 1127 Mariam
1440 1069 1574 1146 quia

367 1149 484 1206 cito
506 1147 761 1205 surrexit
797 1156 859 1206 et
893 1149 1057 1217 exiit,
1083 1149 1259 1206 secuti
1284 1159 1420 1206 suut
1444 1169 1570 1205 eam

364 1227 651 1296 diceutes3
678 1224 827 1291 Quia
844 1226 1002 1284 vadit
1017 1227 1092 1284 ad
1120 1236 1572 1297 monumentum,

368 1311 435 1361 ut
448 1304 635 1382 ploret
659 1304 755 1361 ibi.
836 1304 1027 1362 Maria
1050 1325 1205 1383 ergo,
1230 1325 1361 1363 cum
1386 1304 1573 1363 venis·

369 1391 462 1441 set
484 1383 583 1440 ubi
609 1391 736 1440 erat
763 1381 949 1453 JesuS,
975 1384 1173 1443 videns
1197 1404 1347 1452 eum,
1372 1383 1576 1441 cecidit

370 1461 447 1518 ad
477 1460 651 1539 pedes
688 1460 829 1550 ejus,
876 1471 937 1519 et
974 1462 1125 1520 dixit
1169 1462 1257 1531 ei;
1304 1461 1574 1531 Domine,

371 1540 420 1596 si
445 1537 641 1598 fuisses
667 1537 775 1610 hic,
804 1560 917 1597 nou
944 1549 1091 1599 esset
1117 1549 1374 1599 mortuus
1396 1538 1578 1599 frater

374 1637 551 1676 meus.
629 1616 801 1676 Jesus
838 1638 995 1695 ergo,
1031 1629 1096 1677 ιιι
1122 1619 1263 1677 vidit
1300 1639 1426 1678 eam
1452 1617 1576 1696 plo-

373 1705 617 1765 rantem,
644 1704 703 1754 et
727 1696 977 1766 Judaeos,
1016 1698 1113 1775 qui
1138 1707 1415 1756 venerant
1447 1718 1576 1755 eum

372 1795 460 1845 ea,
522 1773 829 1852 plorantes,
896 1775 1190 1835 infremuit
1249 1775 1450 1853 spiritu
1518 1785 1580 1833 et

377 1852 631 1910 turbavit
674 1854 1063 1932 semetipsum,
1108 1862 1167 1913 et
1219 1855 1409 1924 dixit3
1456 1853 1578 1912 Ubi

376 1930 642 2009 posuistis
669 1952 798 1989 eum
822 1934 847 1991 3

376 2009 584 2068 veniet
602 2009 748 2067 vide.
827 2010 907 2069 Et

930 1933 1143 1990 Dicunt
1180 1933 1268 2001 ei;
1309 1933 1577 2003 Domine,

1140 2019 1268 2068 atus
1286 2021 1373 2068 est
1387 2011 1431 2069 J
1432 2031 1576 2069 esus.

379 2089 671 2147 Dixerunt
696 2108 833 2166 ergo
855 2086 1086 2158 Judaei3
1127 2088 1274 2147 Ecce
1298 2089 1581 2166 quomodo

377 2168 608 2223 amabat
632 2186 781 2223 eum.
863 2165 1109 2233 Quidam
1135 2178 1323 2225 autem
1352 2188 1427 2225 ex
1446 2168 1582 2245 ipsis

376 2244 652 2300 dixerunt
671 2265 688 2312 ;
711 2243 771 2301 N
777 2264 850 2301 ou
872 2254 1094 2321 poterat
1112 2244 1221 2316 hic,
1241 2246 1338 2322 qui
1356 2246 1582 2324 aperuit

380 2320 567 2379 oculos
591 2323 724 2379 caeci
750 2322 891 2391 nati,
918 2321 1101 2381 facere
1140 2334 1208 2382 ut
1245 2335 1307 2381 et
1340 2324 1433 2382 hic
1463 2345 1578 2382 non

379 2401 741 2458 moreretur?
836 2400 880 2457 J
881 2421 1006 2459 esus
1043 2422 1181 2479 ergo
1219 2423 1444 2461 rursum
1467 2401 1584 2461 fre-

380 2498 544 2535 mens
583 2478 645 2534 iu
689 2480 1012 2558 semetipso,
1058 2482 1216 2540 venit
1259 2481 1332 2538 ad
1379 2501 1582 2538 mouu-

380 2564 640 2613 mentum
668 2575 681 2613 :
748 2567 871 2615 erat
922 2568 1113 2617 autem
1167 2560 1466 2639 spelunca:
1520 2571 1582 2619 et

379 2632 523 2712 lapis
546 2636 929 2714 superpositus
949 2648 1073 2695 erat
1097 2639 1169 2696 ei.
1256 2640 1361 2696 Ait
1375 2638 1581 2711 Jesus3

379 2711 589 2770 Tollite
640 2712 904 2791 lapidem.
996 2716 1165 2776 Dixit
1216 2717 1271 2776 ei
1324 2717 1581 2789 Martha,

379 2810 542 2849 soror
559 2792 680 2869 ejus
694 2793 792 2870 qui
812 2802 1067 2853 mortuus
1082 2795 1293 2868 fuerat3
1318 2796 1582 2868 Domine,

372 2870 495 2947 jam
567 2873 746 2941 soetet,
800 2874 1207 2948 quatriduanus
1270 2876 1423 2934 enim
1477 2886 1582 2933 est.

381 2947 546 3005 Dixit
571 2949 624 3007 ei
647 2948 849 3021 Jesus;
895 2951 1106 3012 Nonne
1137 2953 1259 3010 dixi
1298 2953 1405 3012 tibi
1445 2974 1584 3030 quo-

379 3026 533 3084 niam
587 3029 633 3084 si
700 3030 1006 3088 credideris
1071 3031 1285 3091 videbis
1342 3032 1584 3112 gloriam

380 3104 538 3164 Dei3
616 3105 896 3166 Tulei-unt
929 3130 1066 3187 ergo
1088 3109 1375 3189 lapidem:
1413 3111 1583 3169 Jesus

378 3192 570 3242 autem
612 3183 843 3244 elevatis
880 3208 1101 3246 sursum
1130 3188 1303 3246 oculis
1341 3190 1441 3247 ‘in
1471 3210 1581 3247 οω-

381 3260 498 3318 lum
520 3274 549 3303 ⁸
598 3264 786 3334 dixit;
836 3263 1026 3338 Pater,
1068 3267 1279 3344 gratias
1323 3288 1432 3346 ago
1475 3269 1582 3327 tibi

381 3342 647 3416 quoniam
667 3343 872 3401 audisti
896 3365 1006 3402 me.
1088 3345 1212 3423 Ego
1230 3355 1421 3405 autem
1441 3348 1583 3407 scie-

379 3419 511 3475 bam
528 3420 659 3496 quia
675 3440 900 3499 semper
917 3443 1012 3481 me
1031 3423 1207 3493 audis,
1228 3425 1327 3482 sed
1348 3434 1586 3504 propter

380 3495 667 3573 populum,
719 3500 816 3575 qui
881 3499 1222 3574 circumstat,
1282 3503 1407 3561 dixi
1436 3525 1449 3560 :
1517 3515 1584 3563 ut

378 3574 615 3633 credaut
634 3576 765 3653 quia
782 3586 846 3635 tu
865 3598 959 3636 me
978 3579 1197 3638 misisti.
1279 3581 1426 3640 Haec
1451 3604 1582 3642 cum

378 3653 638 3722 dixisset,
658 3675 792 3713 voce
813 3675 1019 3733 magua
1036 3655 1296 3717 clamavit
1303 3681 1321 3730 ;
1342 3661 1582 3733 Lazare,

380 3732 511 3788 veni
536 3730 702 3790 foras.
783 3733 866 3791 Et
888 3736 1080 3793 statim
1106 3738 1319 3814 prodiit
1341 3740 1439 3815 qui
1462 3738 1583 3798 fue-

382 3821 475 3867 rat
514 3822 787 3881 mortuus,
826 3810 1033 3890 ligatus
1071 3816 1244 3892 pedes
1283 3826 1344 3874 et
1382 3838 1584 3876 manus

380 3887 609 3960 institis,
662 3899 723 3948 et
772 3888 939 3948 facies
992 3890 1139 3951 illius
1189 3895 1415 3952 sudario
1459 3907 1584 3955 erat

378 3964 570 4044 ligata.
652 3967 821 4026 Dixit
847 3969 928 4026 eis
952 3968 1153 4043 Jesus3
1201 3972 1410 4031 Solvite
1449 3996 1581 4033 eum

379 4054 440 4102 et
455 4044 625 4103 sinite
639 4044 815 4105 abire.
896 4046 1073 4107 Multi
1090 4072 1227 4130 ergo
1245 4072 1319 4110 ex
1339 4051 1383 4110 J
1385 4053 1577 4125 udaess,

383 4122 481 4199 qui
508 4134 782 4184 venerant
807 4125 882 4183 ad
907 4125 1155 4187 Mariam
1184 4141 1244 4189 et
1263 4130 1579 4204 Martham,

377 4309 406 4340 ⁸
444 4320 551 4357 non
577 4304 781 4362 habent
804 4308 886 4363 92.
918 4310 1000 4366 98.
1028 4313 1125 4368 4L.
1154 4315 1219 4368 V.

378 4372 406 4411 b
443 4392 550 4428 nou
575 4375 777 4433 habent
802 4380 891 4435 92.
919 4382 1004 4437 97.
1033 4384 1116 4438 98.
1135 4385 1230 4439 41..
1262 4386 1324 4439 V.

374 4453 400 4481 ⁰
438 4445 522 4498 Ps.
550 4447 677 4501 xvii.
707 4449 877 4520 (xviii.
904 4453 989 4521 27,
1020 4455 1103 4523 31,
1132 4457 1208 4527 6.)

1374 285 1548 333 Ρο8Τ
1593 280 1924 331 LAE'PABE.

2169 279 2511 331 sassmo.
2753 265 2860 329 232

1684 448 1746 497 et
1765 440 2026 498 videraut
2040 460 2169 517 quae
2186 437 2320 498 fecit
2337 439 2369 478 ὖ
2381 437 2426 497 J
2428 443 2608 508 esus?
2632 435 2860 495 credide·

1681 527 1819 576 runt
1845 519 1906 575 in
1933 539 2085 576 eum.

1766 594 2174 670 offertor-cums

1757 672 2027 743 Populum
2051 672 2314 726 humilem
2338 669 2548 725 salvum
2583 668 2757 736 facien,
2779 668 2859 723 Do-

1685 743 1836 797 mine
1860 763 1874 796 z
1899 751 1958 797 et
1977 744 2159 797 oculos
2173 744 2521 813 superborum
2537 739 2858 794 humiliabis:

1686 814 1944 880 quoniam
1968 815 2092 883 quis
2115 814 2273 880 Deus,
2298 818 2496 885 praeter
2518 821 2590 878 te,
2619 810 2862 892 Domine?

1699 884 1760 937 V.
1833 884 2048 938 Clamor
2064 902 2218 938 meus
2232 884 2293 936 in
2315 888 2606 953 conspectu
2630 881 2746 953 ejus
2766 902 2778 935 ι
2797 897 2860 933 ιιι·

1689 954 1875 1009 troivit
1895 955 1954 1007 in
1979 973 2136 1009 aures
2156 955 2288 1025 ejus.

1773 1025 2009 1084 Secreta.

1769 1105 2017 1163 Munera
2057 1124 2179 1176 nos,
2232 1102 2501 1174 Domine,
2553 1119 2863 1180 quaesumns,

1689 1182 1878 1241 oblata
1916 1183 2257 1262 purificent:
2305 1190 2366 1242 et
2394 1190 2455 1240 te
2487 1182 2655 1239 nobis
2693 1181 2865 1238 faciant

1680 1263 1901 1340 jugiter
1920 1283 2039 1320 esse
2059 1260 2358 1339 plaoetum.
2425 1258 2542 1317 Per
2564 1260 2865 1317 Dominum.

1777 1339 2077 1429 Praefatio,
2142 1340 2255 1408 Qui
2279 1337 2559 1417 corporali
2576 1337 2808 1416 jejunio.

1690 1566 1761 1619 ad
1787 1575 2200 1619 monumentum
2226 1585 2239 1618 :
2265 1566 2598 1636 lacrymatus
2622 1570 2706 1617 est
2724 1579 2869 1617 coram

1691 1636 1906 1690 Judaeis
1926 1643 1982 1690 et
2004 1637 2305 1690 clamabat:
2331 1636 2542 1703 lazare,
2571 1635 2699 1689 veni
2732 1633 2871 1694 foram

1693 1714 1750 1759 et
1771 1708 1972 1777 prodiit
1993 1707 2176 1777 ligatis
2198 1706 2448 1761 manibus
2469 1713 2527 1760 et
2548 1706 2774 1777 pedibus
2801 1701 2873 1773 qui

1691 1777 1870 1831 fuerat
1891 1779 2286 1848 quatriduanus
2306 1784 2568 1832 mortuus.

1777 1848 2250 1907 Postcommumb.

1777 1928 1924 1987 Haec
1950 1949 2069 1997 nos,
2095 1948 2435 2005 quaesumus,
2462 1927 2734 1996 Domine,
2770 1943 2870 2014 par·

1695 2007 1950 2084 ticipatio
2009 2007 2366 2076 sacramenti,
2430 2015 2494 2064 et
2556 2026 2597 2063 a
2662 2020 2873 2082 proprus
2933 2051 2934 2088 ἡ

1696 2087 1945 2144 reatibus
1978 2086 2368 2144 indesinenter
2405 2084 2699 2163 expediat,
2737 2093 2791 2140 et
2821 2080 2875 2137 ab

1697 2166 1957 2223 omuibus
1975 2175 2208 2223 tueatur
2223 2164 2492 2223 advenis.
2576 2161 2694 2222 Per
2706 2160 2874 2218 Domi-

1700 2262 1857 2300 num.
2553 2271 2560 2274 ·

1778 2400 2098 2459 Humiliate
2122 2400 2311 2478 capita
2332 2408 2522 2456 vestra
2549 2398 2697 2455 Deo.

1776 2478 1998 2536 Oratio.

1776 2558 1884 2627 Da,
1930 2577 2271 2634 quaesumus,
2319 2554 2684 2634 omnipotens
2730 2553 2873 2642 Deus,

1694 2645 1762 2693 ut
1798 2635 1894 2713 qui
1941 2635 2295 2693 infirmitatis
2332 2642 2545 2691 nostrae.
2576 2650 2798 2701 consen,
2821 2628 2875 2685 do

1694 2723 1797 2772 tua
1833 2714 2048 2792 pietate
2084 2714 2439 2782 confidimus,
2479 2713 2587 2770 sub
2629 2723 2738 2770 tua
2773 2725 2874 2786 pro-

1695 2793 1941 2852 tectione
1966 2813 2193 2871 semper
2215 2792 2577 2873 gaudeamus.
2663 2790 2791 2849 Per.

1798 3109 2118 3186 Sabbato
2137 3124 2303 3207 post
2335 3113 2644 3189 Laetare.
2929 3167 2930 3176 κ

1773 3208 1883 3265 Ad
1905 3209 2171 3270 Missam.
2253 3209 2566 3286 officiante
2929 3187 2930 3232 i

1776 3286 2048 3348 Sitientes
2074 3290 2264 3349 venite
2288 3289 2363 3346 ad
2399 3312 2590 3368 aquas,
2616 3293 2759 3353 dicit
2785 3295 2879 3350 Do-

1696 3365 1921 3425 minus:
1965 3379 2028 3426 et
2057 3369 2154 3445 qui
2192 3388 2308 3426 non
2350 3369 2572 3429 habetis
2608 3372 2878 3450 pretium:

1699 3443 1885 3503 venite
1912 3453 1970 3503 et
1997 3447 2175 3507 bibite
2199 3468 2328 3505 cum
2354 3447 2575 3507 laetitia.

1773 3521 2086 3582 Psalmus!
2337 3564 2344 3570 ·

1766 3600 2067 3671 Attendite,
2094 3603 2290 3675 popule
2307 3621 2472 3673 mene,
2491 3605 2664 3676 legem
2691 3620 2853 3658 meam
2872 3621 2881 3651 :

1693 3668 1954 3752 inclinate
1997 3691 2184 3729 aurem
2220 3682 2452 3729 vestram
2492 3676 2556 3728 in
2595 3676 2760 3730 verba
2795 3672 2884 3728 oris

1694 3757 1817 3795 mei.
2927 3777 2928 3782 ’

1774 3812 2095 3872 Flectamus
2118 3836 2320 3894 genua.
2402 3817 2636 3877 Levate.

1777 3891 1993 3950 oratic.

1774 3969 1926 4042 Fiat,
1953 3992 2290 4050 quaesumus,
2329 3975 2593 4045 Domine,
2635 3993 2741 4053 per
2772 3990 2883 4049 gra·

1694 4047 1832 4105 tiam
1850 4061 2008 4107 tuam
2023 4049 2337 4110 fructuosus
2357 4061 2568 4111 nostrae
2588 4048 2883 4110 devotionis

1692 4126 1965 4199 affectus;
2013 4130 2145 4206 quia
2189 4141 2325 4189 tunc
2372 4133 2534 4189 nobis
2589 4130 2884 4209 proderunt

1692 4406 1716 4434 e
1754 4395 2053 4480 Rsaiaecap.
2081 4400 2151 4452 lv.
2180 4400 2278 4481 (13)

1692 4326 1719 4364 α
1756 4326 1955 4380 soban.
1981 4346 2094 4399 oep.
2121 4328 2193 4382 xi.
2222 4329 2330 4401 (33,
2359 4330 2443 4383 35.
2471 4329 2557 4398 43,
2585 4327 2694 4396 44.)
2925 4307 2926 4314 '

1703 4466 1722 4502 ¹
1747 4466 1839 4519 Pa.
1867 4468 2051 4523 lxxvn.
2081 4470 2307 4542 (lxxviii.
2339 4472 2411 4542 1.)
