2975 5009
300 274 429 339 415
636 290 991 341 Ascensm
1035 293 1189 341 mn.

299 467 395 506 eos
440 448 537 526 qui
579 448 953 520 crediderint,
992 447 1117 507 haec
1162 455 1508 525 sequentur:

302 526 374 583 In
426 527 657 586 nomine
710 547 839 586 meo
889 527 1175 585 daemonia
1226 527 1462 605 ejicient
1487 550 1505 600 ;

298 603 379 662 lin
459 605 506 662 is
570 605 873 683 loquentur
938 608 1137 664 novis:
1214 615 1509 685 serpentes

300 691 361 741 to
406 692 542 755 ent3
585 692 646 742 et
685 684 732 740 si
772 682 1132 743 mortiferum
1169 684 1308 762 quid
1348 685 1508 744 bibe—

299 764 436 833 rint,
485 781 600 819 non
654 762 734 820 eis
777 762 1043 833 nocebit3
1103 782 1275 841 super
1326 783 1507 843 aegros

300 859 499 897 manus
542 840 862 918 imponent,
902 847 963 899 et
1005 843 1150 899 bene
1191 840 1503 900 habebunt.

301 918 384 977 Et
416 918 696 976 Dominus
723 918 949 995 quidem
989 918 1033 977 J
1036 939 1162 977 esus
1201 929 1502 1012 postquam

298 996 517 1054 locutus
533 1005 620 1054 est
641 997 738 1068 eiS,
756 1015 941 1053 assum
981 1004 1073 1055 tus
1092 1007 1180 1057 est
1202 1019 1259 1055 111
1279 996 1504 1070 coelum,

299 1083 361 1133 et
405 1075 568 1134 sedet
604 1095 639 1133 a
683 1074 901 1133 dextris
1035 1074 1072 1132 i.
1173 1075 1272 1133 Illi
1311 1086 1506 1135 autem

297 1152 539 1232 profecti
595 1153 1054 1231 praedicaverunt
1105 1155 1333 1231 ubique,
1386 1156 1504 1213 Do-

300 1232 460 1289 mino
511 1240 848 1309 cooperante
900 1240 962 1290 et
1007 1251 1328 1291 sermonem
1371 1252 1504 1292 con-

301 1309 570 1367 firmante
601 1311 965 1386 sequentibus
991 1309 1186 1388 signis,

380 1400 411 1430 ⁸
432 1386 662 1447 Credo?

380 1466 796 1541 Offenmw‘umffl

370 1543 634 1598 Ascendit
675 1544 820 1597 Deus
858 1545 919 1597 in
960 1543 1326 1615 jubilatione:
1363 1549 1509 1599 ⁰et⁰

300 1614 565 1668 Dominus
587 1615 648 1668 in
671 1632 800 1670 voce
823 1617 985 1687 tuboe,
1010 1615 1263 1688 alleluya.

377 1686 621 1745 Secreta.

380 1766 631 1842 Suscipe,
660 1765 928 1838 Domine,
954 1785 1195 1829 munera
1233 1785 1364 1844 quae
1401 1784 1510 1843 pro

302 1842 436 1901 Filii
454 1845 537 1902 tui
556 1843 806 1922 gloriosa
829 1845 1153 1904 ascensione
1168 1845 1506 1915 deferimus;

1703 293 1877 343 non.
1912 293 2142 341 mrnA
2173 293 2329 343 ocvr.
2364 292 2627 342 Ascnn.
2708 276 2831 341 416

1627 457 1688 508 et
1713 449 1959 508 concede
1985 449 2286 529 propitius,
2311 457 2378 509 ut
2401 470 2438 508 a
2462 448 2830 528 praesentibus

1627 527 1890 605 periculis
1929 527 2239 586 liberemur
2278 536 2339 587 et
2377 529 2452 586 ad
2490 529 2671 586 vitam
2710 548 2829 606 per·

1626 606 1919 664 veniamus
1946 618 2249 664 aeternam.
2332 606 2447 665 Per
2472 608 2739 666 eundem.

1712 683 2004 759 ProefatiO.
2088 685 2199 751 Qui
2220 693 2350 763 post
2369 686 2826 743 resurrectionem

1625 770 1678 819 et
1713 762 2231 822 communicantes.
2311 764 2396 821 Et
2429 764 2708 820 dicuntur
2733 783 2828 839 per

1624 847 1767 897 totas
1816 840 2059 899 Octava-s
2104 848 2156 897 et
2192 840 2368 898 etiam
2407 842 2476 898 in
2521 841 2824 899 Dominica

1623 919 1851 994 quando
1876 919 1946 976 de
1971 918 2310 978 Ascensione
2341 921 2557 996 aqitur.

1706 996 2097 1055 communiae

1695 1072 1922 1127 Psallite
1964 1073 2200 1129 Domino
2240 1074 2338 1144 qui
2390 1075 2643 1129 ascendit
2688 1091 2829 1147 supa·

1622 1144 1784 1198 coelos
1805 1144 2061 1198 coelorum
2086 1146 2158 1198 ad
2180 1147 2459 1215 orientem,
2486 1146 2745 1220 alleluya.

1703 1213 2181 1273 Postcommunio.

1701 1292 1927 1352 Praesta
1968 1294 2148 1366 nobis,
2189 1313 2534 1371 quaesumuS,
2580 1297 2823 1376 omnipo-

1622 1380 1753 1430 tens
1781 1380 1842 1430 et
1880 1372 2202 1430 misericors
2244 1374 2417 1444 Deus,
2442 1382 2512 1432 ut
2547 1395 2680 1453 quae
2709 1374 2823 1432 visi-

1623 1450 1829 1508 bilibus
1850 1451 2137 1525 mysteriis
2157 1452 2433 1509 sumenda
2456 1453 2822 1531 percepimus,

1623 1527 1891 1585 invisibili
1918 1547 2022 1585 con
2124 1549 2330 1587 namur
2355 1529 2587 1588 effectu.
2671 1532 2793 1590 Per.

1703 1606 1823 1664 Per
1875 1613 2017 1663 totas
2126 1615 2316 1665 ctavas
2367 1608 2590 1666 dicitur
2648 1610 2823 1667 eadem

1625 1685 1800 1742 missa
1826 1684 1947 1741 nisi
1968 1684 2184 1760 festum
2210 1706 2338 1743 cum
2377 1687 2659 1762 reyimine
2684 1687 2824 1746 clam-i

1626 1763 1972 1820 intercurrat
1989 1785 2013 1819 .·
2037 1770 2087 1820 et
2113 1763 2235 1819 nisi
2259 1765 2326 1821 in
2354 1761 2719 1839 Dominica;
2742 1765 2823 1824 sed

1626 1841 1748 1898 sine
1774 1839 2079 1916 Sequentia
2106 1849 2158 1898 et
2182 1840 2390 1902 Credo·

784 2100 1171 2174 Dominica
1236 2101 1441 2194 infra
1513 2098 1809 2173 Octavas
1872 2097 2336 2174 Amen-simlia

376 2282 487 2339 Ad
510 2282 776 2339 Missam.
862 2281 1170 2358 Officium·

378 2361 620 2430 Exaudi,
651 2359 915 2432 Domine,
946 2380 1137 2420 vocem
1165 2381 1351 2420 meam
1390 2381 1504 2440 qua

298 2438 532 2498 clamavi
558 2438 632 2496 ad
665 2446 742 2509 te,
771 2437 1047 2515 alleluya3
1090 2439 1196 2497 tibi
1221 2440 1371 2499 dixit
1404 2460 1502 2498 cor

300 2537 489 2574 meum
519 2561 535 2586 ,
563 2517 795 2593 quaesivi
829 2516 1045 2575 vultum
1073 2526 1254 2590 tuum,
1283 2518 1500 2577 vultum

299 2603 482 2665 tuum,
510 2595 775 2667 Domine,
805 2597 1125 2674 requiram:
1168 2617 1241 2656 ne
1279 2606 1502 2656 avertas

299 2673 496 2732 faciem
522 2681 679 2729 tuam
705 2693 741 2731 a
769 2694 880 2747 me,
911 2674 1173 2753 alleluya,
1199 2674 1459 2752 alleluya.

378 2751 698 2809 Psalmus!

372 2828 638 2882 Dominus
675 2828 1007 2884 illuminatio
1048 2848 1170 2885 mea.
1206 2851 1221 2884 τ
1262 2837 1318 2886 et
1357 2830 1504 2885 salus

299 2916 435 2967 mea,
462 2916 624 2969 quem
648 2899 864 2954 timebo.

379 2972 605 3029 Deinde
649 2972 691 3028 d
695 2972 867 3029 icitur
917 2971 1102 3049 Kyrie
1154 2972 1380 3049 eleyson
1433 2973 1504 3031 de

300 3058 508 3127 quarta
532 3051 627 3107 die
646 3050 803 3125 infra
827 3050 1067 3109 Octavus
1083 3073 1211 3109 cum
1229 3052 1503 3127 reyimine

301 3129 476 3199 chori,
499 3129 624 3186 licet
650 3130 715 3185 in
733 3137 883 3186 secuta
895 3128 1056 3204 feria
1077 3131 1164 3188 vel
1186 3130 1253 3187 in
1278 3131 1503 3188 sabbato

292 3207 632 3285 proececlente
673 3207 909 3283 aliquod
934 3207 1145 3284 festum
1185 3229 1313 3267 cum
1353 3209 1501 3285 reqi-

300 3286 452 3343 mine
478 3285 636 3342 chori
657 3285 1200 3364 celebratumfiterit.

383 3362 603 3421 oratic.

377 3442 755 3519 Omnipotens
795 3441 1142 3520 sempiterne
1189 3441 1366 3514 Deus»,
1410 3441 1499 3501 fac

298 3540 403 3580 nos
452 3520 558 3578 tibi
604 3539 831 3598 semper
876 3530 937 3577 et
982 3520 1245 3578 devotam
1296 3541 1499 3611 gerere

299 3599 672 3669 voluntatem,
700 3607 760 3657 et
799 3598 1081 3677 majestati
1122 3606 1239 3657 tuae
1279 3618 1500 3659 sincero

297 3678 468 3737 corde
495 3679 726 3736 servire.
807 3677 924 3735 Per
952 3677 1279 3735 Dominum.

375 3755 671 3815 Memoria
685 3756 802 3831 fiat
826 3754 895 3812 de
919 3754 1272 3813 Ascensione.

374 3835 569 3893 Lectio
603 3833 887 3912 Epi-stolae
925 3833 1073 3889 beati
1107 3833 1279 3891 Petri
1310 3832 1497 3911 Apos-

296 3915 455 3974 tolis

416 3989 725 4061 carissimi,
792 3989 993 4048 Estote
1060 3991 1371 4069 prudentes
1436 3999 1498 4050 et

293 4070 525 4152 vigilate
563 4070 624 4126 in
667 4069 1030 4127 orationibus.
1110 4069 1267 4129 Ante
1308 4070 1500 4127 omnia

290 4186 321 4216 ⁸
354 4174 588 4229 habetur
608 4170 670 4225 in
692 4171 779 4224 26.

292 4250 323 4288 b
356 4247 447 4300 Ps.
474 4243 602 4298 xlvi.
629 4242 799 4315 (xlvii.
828 4241 905 4313 5.)

291 4331 317 4360 ε
352 4332 466 4372 non
490 4315 695 4369 habent
719 4313 805 4368 92.
832 4313 918 4368 95.

290 4392 323 4429 d
356 4389 447 4442 Ps.
472 4385 622 4441 lxvii.
649 4385 840 4457 (lxviii.
868 4384 953 4451 32,
981 4384 1091 4457 33.)

291 4471 317 4500 e
354 4460 442 4513 Ρι
467 4456 613 4514 xxvi.
641 4456 827 4529 (xxvii.
856 4455 1000 4526 7-9.)

1619 2288 1812 2340 autem
1842 2289 2102 2340 mutuam
2129 2282 2191 2339 in
2225 2284 2653 2365 vobismetipsis
2691 2285 2820 2344 cari·

1619 2369 1800 2419 tatem
1817 2360 2146 2418 continuam
2175 2360 2453 2421 habentes
2476 2385 2491 2422 ε
2535 2365 2671 2442 quia
2693 2363 2820 2422 cari·

1617 2446 1707 2496 tas
1752 2437 1938 2517 operit
1979 2437 2408 2500 multitudinem
2450 2451 2818 2519 pecoetorum.
2935 2448 2936 2489 ἰ

1618 2515 1952 2592 Hospitales
2004 2517 2246 2576 invicem
2291 2520 2412 2577 sine
2461 2521 2820 2578 murmurati·

1619 2614 1756 2684 one:
1778 2594 2159 2685 unusquisque
2177 2595 2322 2654 sicut
2336 2599 2557 2688 aceepit
2571 2599 2819 2677 gratim,

1617 2692 1682 2730 m
1729 2671 2077 2731 alterutrum
2129 2672 2288 2731 illam
2339 2676 2819 2746 admmistrantes,

1617 2750 1762 2808 sicut
1807 2750 1945 2808 boni
1995 2752 2412 2830 dispensatores
2463 2755 2820 2814 multiformis
2931 2812 2932 2815 ,

1616 2829 1820 2906 gratiae
1866 2828 1996 2887 Dei.
2080 2831 2143 2889 Si
2184 2832 2310 2907 quis
2352 2830 2627 2910 loquitur,
2675 2832 2820 2911 quasi

1618 2925 1908 2964 sermones
1933 2905 2045 2964 Dei
2068 2927 2081 2963 ε
2124 2909 2172 2965 si
2207 2910 2333 2987 quis
2360 2912 2675 2984 ministrat,
2702 2921 2818 2969 tan-

1617 3003 1786 3061 quam
1834 3005 1910 3043 ex
1961 2985 2174 3044 virtute
2239 3007 2411 3064 quam
2463 2989 2819 3049 administrat

1621 3063 1811 3122 Deus:
1869 3071 1934 3121 ut
1984 3064 2047 3121 in
2101 3066 2365 3125 omnibus
2417 3066 2820 3128 honorificetur

1619 3141 1793 3212 Deus,
1822 3141 1940 3199 Per
1962 3142 2008 3199 J
2008 3162 2166 3200 esum
2185 3143 2483 3205 Christum
2511 3146 2816 3205 Dominum

1619 3229 1893 3277 nostrum.

1706 3295 1983 3367 Alleluya.
2055 3296 2116 3351 V.
2225 3296 2503 3368 Regnabit
2561 3301 2820 3355 Dominus

1616 3382 1778 3436 super
1812 3383 2000 3420 omnes
2036 3373 2224 3438 gentes
2254 3387 2267 3421 ε
2301 3370 2451 3423 Deus
2477 3372 2633 3427 sedet
2668 3388 2819 3445 super
2923 3448 2924 3467 γ

1615 3438 1793 3490 sedem
1818 3444 2062 3491 sanctam
2086 3456 2257 3493 suam.

1707 3507 1979 3579 Alleluya.
2044 3508 2104 3562 V.
2201 3509 2328 3562 Non
2377 3528 2472 3565 vos
2518 3512 2816 3583 relinquam

1614 3577 1882 3648 orphanos
1930 3598 1944 3631 ε
1992 3579 2130 3633 vado
2175 3586 2232 3634 et
2289 3583 2450 3636 venio
2496 3584 2568 3636 ad
2615 3601 2725 3655 vos,
2770 3587 2821 3637 et
2921 3610 2922 3631 ι

1613 3648 1873 3719 gaudebit
1895 3665 1985 3702 cor
2005 3648 2297 3704 vestrum.¹²

1692 3718 1887 3777 Nulla
1912 3720 2130 3778 dicitur
2153 3721 2479 3799 Sequania.

1692 3796 2014 3857 Secundum
2040 3798 2402 3857 Johnmaemffi

1693 3874 1771 3933 In
1809 3874 1908 3933 illo
1942 3885 2221 3956 tempore,
2249 3878 2423 3940 Dixit
2460 3880 2635 3939 Jesus
2660 3881 2819 3939 disci-
2917 3886 2918 3955 ξ

1612 3952 1759 4032 pulis
1803 3956 1953 4027 suis;
2013 3955 2159 4015 cum
2196 3957 2421 4015 venerit
2470 3958 2819 4035 Paraclytus,

1612 4050 1782 4109 quem
1810 4052 1917 4112 ego
1943 4034 2169 4093 mittam
2190 4036 2348 4093 vobis
2373 4055 2409 4093 a
2436 4036 2616 4097 Patre
2642 4036 2819 4117 Spiri-

1612 4171 1642 4290 ἑ
1673 4172 1968 4298 ἰδὲὲἷὲᾱᾞι
2005 4243 2113 4299 .iv.
2139 4244 2202 4298 B.
2230 4245 2304 4317 (v.
2334 4245 2518 4319 7-11.)

1613 4313 1644 4351 11
1679 4313 1767 4367 Pa
1793 4313 1922 4368 xlvi.
1949 4262 2122 4384 ὧνὶῑ.
2152 4315 2226 4386 8.)
2250 4317 2454 4373 Johan.
2479 4319 2586 4374 xiv.
2617 4319 2758 4393 (18.)

1613 4384 1630 4422 ἰ
1672 4402 1785 4457 cup.
1813 4400 1899 4439 xv.
1926 4385 1993 4440 D.
2019 4386 2091 4458 (v.
2117 4386 2204 4456 26,
2230 4387 2344 4458 27.)
