2975 5009
154 245 269 311 425
360 263 440 312 m
474 261 763 312 vicinis
797 263 1233 313 rnnvrscos‘r.

225 415 501 494 Proefatio
528 420 885 496 quotidiana.

223 496 352 554 Hae
369 497 464 556 die
483 497 722 557 Sanctus
741 507 792 557 et
809 499 1018 577 Agnus
1032 497 1349 557 solemniter

159 572 431 633 dicuntur.

234 650 623 711 communiat

221 728 428 782 Ultimo
463 729 772 785 festivitatis
805 731 894 785 die
926 731 1140 785 dicebat
1170 730 1212 784 ‚J
1213 747 1347 798 esus,

161 797 251 862 Qui
272 799 334 852 in
357 817 447 854 me
463 802 635 854 credit
662 820 674 854 :
699 801 929 855 flumina
944 802 1012 855 de
1030 807 1217 857 ventre
1236 800 1354 872 ejus

160 867 316 923 fluent
350 888 510 943 aquae
545 872 711 938 vivae3
757 872 859 926 hoc
892 878 1075 926 autem
1112 872 1253 925 dixit
1288 872 1355 924 de

160 937 350 1008 Spiritu
386 957 550 1010 quem
585 960 706 996 acce
747 943 854 994 turi
889 951 1046 997 erant
1082 943 1358 998 credentes

161 1009 210 1062 in
234 1027 370 1082 eum,
397 1011 650 1085 alleluya,
676 1031 710 1068 a
753 1012 928 1085 eluya.

1652 273 1732 321 m
1767 271 1892 320 mn
1924 272 2437 322 rnnmncosvrns,
2529 258 2664 322 426

1547 427 2016 486 PostcommwniO.

1512 505 1748 577 Praesta,
1766 525 2106 582 quaesumus,
2115 504 2473 583 omnipotens
2488 506 2665 580 Deus,

1451 584 1534 641 'ut
1575 584 1821 662 Spiritus
1863 585 2100 644 Sanctus
2135 584 2439 643 adveniens
2466 587 2666 665 majes-

1465 669 1648 720 tatem
1703 661 1864 720 nobis
1917 661 2050 720 Filii
2110 662 2195 719 tui
2254 663 2669 722 manifestando

1468 739 1759 800 clarificet.
1858 739 1974 800 Per
2000 741 2261 800 eundem.
2345 741 2419 798 In
2448 743 2669 802 unitate

1471 818 1740 898 ejusdem.

852 1221 948 1294 In
1017 1220 1136 1294 die
1205 1230 1442 1293 saneto
1515 1217 1946 1289 Pemecostes.

231 1403 331 1462 Ad
357 1403 627 1462 Missam.
714 1405 1028 1481 Officium.b

178 1525 183 1530 -
234 1482 478 1561 Spiritus
507 1484 740 1541 Domini
759 1483 1001 1563 replevit
1022 1485 1217 1542 orbem
1237 1489 1357 1541 ter-

165 1579 365 1632 rarum,
392 1560 664 1637 alleluya:
705 1572 764 1621 et
792 1561 898 1620 hoc
926 1563 1074 1638 quod
1102 1560 1358 1620 continet

165 1639 343 1696 omnia
368 1639 661 1697 scientiam
702 1640 874 1700 habet
902 1640 1068 1715 vocis,
1096 1638 1357 1717 alleluya,

166 1715 410 1793 alleluya,
439 1716 696 1794 alleluya.

235 1795 550 1852 Ρεαῖἰητιε.ο

230 1871 496 1942 Exsurgat
535 1872 678 1926 Deus
702 1877 756 1927 et
790 1871 1120 1944 dissipentur
1151 1870 1363 1925 inimici

168 1939 273 2022 ejus
299 1962 310 1995 :
338 1948 394 1996 et
417 1942 632 2014 fugiant
654 1943 749 2014 qui
775 1942 1003 1997 oderunt
1026 1960 1151 1997 eum
1174 1960 1209 1999 a
1229 1942 1364 1997 facie

169 2027 195 2063 e
218 2029 289 2066 us.

188 2029 211 2082 J
242 2083 465 2141 Oratim

238 2162 414 2233 DenS,
441 2161 539 2238 qui
567 2159 840 2220 hodierna
865 2162 960 2221 die
981 2161 1150 2220 corda
1175 2159 1362 2220 fideli-

172 2259 259 2296 um
286 2240 488 2300 Sancti
518 2240 765 2317 Spiritus
790 2240 1166 2299 illustratione
1194 2240 1364 2298 docu-

172 2316 256 2375 isti
274 2339 290 2388 ;
336 2318 413 2375 da
451 2319 610 2376 nobis
650 2317 709 2374 in
738 2318 935 2378 eodem
964 2318 1181 2396 Spiritu
1211 2326 1365 2376 recta

170 2414 358 2474 sapere
386 2405 446 2455 et
480 2396 552 2453 de
581 2396 697 2475 ejus
722 2417 946 2474 semper
987 2395 1362 2455 consolatione

169 2474 425 2552 gaudere.
507 2472 638 2532 Per.
722 2475 797 2532 In
839 2475 1056 2532 unitate
1090 2474 1362 2551 ejusdem.

239 2551 436 2610 Lectio
461 2551 712 2610 Actuum
737 2552 797 2609 A
794 2553 1190 2629 postolorum.d

242 2629 316 2687 In
356 2630 555 2689 diebus
591 2630 720 2702 illis,
752 2633 904 2688 Dum
946 2628 1365 2708 complerentur

171 2707 282 2766 dies
331 2707 716 2781 PentecosteS,
764 2716 926 2767 erant
970 2728 1162 2767 omnes
1201 2708 1364 2766 disci-

172 2785 281 2863 puli
321 2786 541 2865 pariter
579 2788 641 2844 in
669 2787 866 2845 eodem
895 2785 1048 2844 loco:
1091 2795 1150 2844 et
1188 2785 1367 2846 factus

171 2875 251 2923 est
288 2874 529 2942 repente
569 2862 642 2923 de
682 2863 820 2923 coelo
868 2884 1053 2935 sonuS,
1095 2873 1364 2941 tanquam

172 2943 517 3003 advenientis
539 2943 767 3021 spiritus
800 2943 1168 3014 vehementis,
1190 2953 1249 3001 et
1275 2962 1365 3000 re-

171 3021 343 3098 plevit
373 3029 556 3078 totam
587 3023 818 3079 domum
848 3022 944 3078 ubi
972 3029 1136 3080 erant
1164 3020 1365 3079 seden-

168 3112 268 3157 tes,
350 3099 432 3158 Et
470 3108 857 3178 apparuerunt
898 3098 1008 3157 illis
1048 3099 1368 3176 dispartitae

170 3176 374 3257 linguae
414 3185 688 3254 tanquam
725 3178 892 3257 ignis,
921 3177 1173 3254 seditque
1199 3196 1370 3254 supra

169 3256 416 3335 singulos
436 3276 651 3313 eorum.
706 3255 786 3315 Et
802 3255 1005 3333 repleti
1027 3263 1160 3313 sunt
1177 3272 1369 3313 omnes

172 3333 388 3411 Spiritu
456 3335 680 3406 Sancte,
736 3343 795 3393 et
861 3340 1151 3412 coeperunt
1216 3331 1369 3409 loqui

171 3413 335 3471 variis
374 3411 601 3489 linguis,
643 3422 812 3491 prout
848 3413 1092 3490 Spiritus
1132 3409 1371 3469 Sanctus

170 3491 339 3550 dabat
381 3490 567 3567 eloqui
609 3491 737 3548 illis.
834 3490 1018 3549 Erant
1068 3497 1261 3548 autem
1309 3488 1369 3545 in

175 3567 539 3627 Hierusalem
567 3569 887 3627 habitantes
917 3568 962 3627 J
964 3568 1111 3625 udaei
1139 3567 1247 3624 viri
1279 3586 1370 3624 re-

171 3645 375 3724 ligiosi,
410 3666 487 3705 ex
512 3647 667 3706 omni
693 3648 921 3705 natione
948 3665 1076 3723 quse
1103 3647 1206 3704 sub
1232 3641 1373 3702 coelo

174 3736 278 3782 est.
361 3724 540 3783 Facta
563 3733 754 3783 autem
794 3724 899 3782 hac
934 3744 1083 3795 voce,
1109 3722 1375 3781 convenit

174 3802 502 3874 multitude,
530 3812 590 3861 et
629 3811 823 3862 mente
850 3802 1079 3860 confusa
1105 3810 1209 3873 est,
1237 3820 1372 3877 quo—

175 3883 331 3938 niam
358 3881 621 3940 audiebat
646 3882 1023 3958 unusquisque
1057 3880 1251 3956 lingua
1276 3897 1377 3936 sua

174 3957 301 4018 illos
318 3957 628 4037 loquentes.
712 3959 1028 4036 Stupebant
1045 3966 1234 4016 autem
1255 3976 1376 4015 om-

175 4057 278 4095 nes
297 4048 358 4095 et
377 4038 729 4095 mirabantur
748 4037 1077 4108 adinvicem,
1094 4037 1376 4106 dicentes3

176 4114 396 4173 Nonne
422 4135 548 4174 ecce
575 4133 772 4173 omnes
809 4115 905 4173 isti
943 4115 1040 4192 qui
1073 4114 1380 4192 loquuntur

175 4191 404 4252 Galilaei
420 4195 586 4253 sunt?
651 4192 731 4252 Et
750 4195 1027 4271 quomodo
1046 4212 1149 4252 nos
1166 4191 1378 4251 audivi-

175 4347 204 4378 ι
238 4338 443 4394 Johan.
472 4355 586 4410 cap.
614 4338 704 4394 vii.
734 4339 806 4408 (v.
834 4339 920 4411 37,
948 4338 1032 4410 38,
1062 4338 1172 4410 39.)

170 4410 202 4520 ἰ
239 4410 836 4552 {⁸33³1232131211933173.)

1475 1420 1603 1461 mus
1629 1400 2007 1478 unusquisque
2044 1399 2295 1480 linguam
2336 1408 2586 1460 nostram
2615 1403 2675 1461 in

1475 1500 1587 1558 qua
1619 1479 1740 1536 nati
1777 1481 2012 1538 sumus?
2096 1478 2296 1537 Parthi
2330 1487 2390 1537 et
2423 1480 2584 1539 Medi
2617 1490 2677 1541 et

1477 1557 1745 1617 Elamitae
1773 1564 1831 1614 et
1857 1557 1952 1632 qui
1983 1556 2242 1614 habitant
2269 1557 2433 1614 Meso
2475 1560 2675 1616 otami-

1475 1657 1590 1707 am,
1617 1634 1660 1693 J
1661 1635 1879 1692 udaeam
1910 1642 1970 1692 et
2001 1633 2392 1712 Capadociam,
2423 1577 2674 1694 Pontum

1478 1723 1540 1773 et
1588 1713 1809 1783 Asiam,
1838 1709 2148 1789 Phrygiam
2178 1718 2237 1769 et
2279 1712 2676 1791 Pamphyliam

1477 1791 1802 1870 AEgyptum
1842 1798 1901 1848 et
1941 1799 2132 1869 partes
2173 1790 2374 1866 Libyae
2420 1811 2548 1868 quse
2591 1801 2678 1852 est

1478 1871 1628 1928 circa
1678 1867 1942 1944 Cyrenen
1996 1875 2057 1927 et
2107 1868 2342 1926 advenae
2410 1869 2677 1943 Romani,

1479 1948 1524 2007 J
1527 1946 1673 2005 udaei
1712 1965 1930 2023 quoque
1964 1954 2023 2005 et
2063 1944 2365 2022 Proselyti,
2394 1946 2592 2005 Cretes
2620 1957 2680 2007 et

1483 2026 1729 2084 Arabes:
1770 2024 2085 2082 audivimus
2107 2044 2198 2083 eos
2227 2022 2522 2101 loquentes
2551 2046 2677 2085 nos-

1480 2105 1586 2162 tris
1613 2102 1819 2181 linguis
1848 2101 2129 2232 maffinalia
2155 2100 2284 2160 Dei.

1536 2181 1807 2251 Alleluya.
1846 2180 1906 2233 V.
2001 2180 2154 2233 mitte
2174 2179 2437 2250 Spiritum
2452 2183 2608 2233 tuum
2624 2187 2681 2236 et

1479 2253 1809 2305 creabuntur
1834 2268 1846 2303 :
1873 2255 1928 2304 et
1954 2251 2233 2305 renovabis
2258 2250 2446 2304 faciem
2478 2257 2681 2306 terrae.0

1554 2321 1825 2391 Alleluya.
1881 2321 1940 2374 V.
2015 2321 2246 2393 Spiritus
2286 2320 2516 2375 Sanctus
2561 2339 2680 2393 pro-

1481 2392 1672 2446 cedens
1694 2409 1728 2445 a
1746 2391 1955 2460 thron0,
1981 2392 2340 2463 apostolorum
2364 2398 2576 2462 pectora
2599 2394 2681 2446 in-

1479 2463 1680 2519 visibili
1704 2462 1863 2515 hodie
1885 2462 2231 2533 perlustravit
2257 2463 2514 2535 potentia.

1561 2534 1884 2611 Sequentia.

1486 2633 1542 2670 a.
1587 2610 1780 2673 Sancti
1808 2610 2158 2688 Spiri-b.-tus

1639 2690 1788 2746 adsit
1813 2708 1858 2745 c.
1888 2687 2050 2745 nobis
2074 2688 2279 2765 gratia,

1481 2768 1538 2824 d.
1582 2766 1724 2834 Quae
1754 2765 1924 2822 corda
1950 2776 2145 2821 nostra
2170 2766 2279 2823 sibi

1482 2846 1530 2903 b.
1630 2844 1798 2901 faciat
1824 2862 1869 2900 c.
1899 2841 2236 2912 habitacula,

1482 2923 1539 2980 d.
1582 2919 1850 3000 Expulsis
1877 2920 2009 2979 inde
2037 2920 2250 2978 cunctis

1484 3003 1532 3059 b.
1633 3000 1784 3058 vitiis
1812 3020 1856 3057 c.
1886 2998 2248 3076 spiritalibus.

1484 3100 1530 3139 e.
1574 3078 1820 3158 Spiritus
1846 3075 2010 3150 alme,

1643 3156 2053 3214 illus-c.-trator
2078 3154 2351 3227 omniurn,

1485 3257 1532 3294 e.
1575 3235 1855 3293 Horridas
1883 3242 2090 3290 nostrae

1645 3313 1852 3371 mentis
1878 3333 1923 3368 c.
1952 3330 2133 3389 purga
2163 3311 2443 3369 tenebras.

1469 3391 1525 3470 f.
1571 3392 1819 3449 Amator
1843 3398 2031 3447 sancte
2058 3397 2405 3447 sensatorum

1642 3489 1868 3549 semper
1894 3488 1938 3524 c.
1968 3468 2331 3546 cogitatuum,

1471 3547 1528 3625 s.
1572 3545 1820 3606 Infunde
1844 3547 2165 3605 unctionem
2192 3554 2349 3603 tuam

1645 3625 1891 3684 clemens
1917 3645 1963 3683 c.
1991 3623 2197 3683 nostris
2222 3625 2493 3683 sensibus.

1488 3726 1543 3780 9.
1585 3704 1673 3763 'Pu
1699 3703 2026 3782 purificator
2052 3702 2302 3761 omnium

1492 3785 1541 3840 b.
1641 3781 2086 3860 flagiti-caetum
2112 3781 2361 3858 spirituS,

1492 3883 1543 3936 9.
1588 3860 1837 3918 Purifica
1862 3860 2038 3917 nostri
2066 3859 2283 3916 oculum

1496 3941 1544 3996 b.
1645 3937 2031 3996 interi-c.·oris
2058 3935 2301 3996 hominis

1497 4018 1551 4076 h.
1594 4015 1687 4076 Ut
1712 4015 1891 4074 videri
1917 4035 2211 4093 supremus

1653 4092 1878 4172 genitor
1902 4114 1949 4151 c.
1978 4095 2153 4171 possit
2177 4114 2212 4152 a
2236 4095 2413 4153 nobis·

1499 4174 1553 4231 h.
1593 4171 1801 4231 Mundi
1828 4176 1849 4215 ¹
1862 4172 2045 4230 cordis
2065 4172 2087 4210 ¹
2106 4191 2271 4250 quem
2301 4174 2404 4232 soli

1501 4330 1532 4368 ‘¹
1565 4346 1679 4400 cap.
1706 4327 1762 4382 ii.
1790 4328 1860 4382 A.
1889 4329 1962 4399 (v.
1991 4329 2172 4403 1-11.)

1504 4409 1529 4439 Θ
1566 4401 1652 4454 Ps.
1679 4398 1783 4452 ciii.
1834 4398 1931 4454 civ.
1960 4399 2070 4470 30.)

1503 4471 1526 4509 ἲ
1570 4469 1815 4526 corde.-
1849 4468 1899 4522 2.
1935 4468 2019 4523 98.
2047 4469 2133 4525 57.
