2975 5009
278 208 404 278 647

282 382 547 461 quoniam
603 380 973 461 perficientur
1029 400 1098 444 ca
1150 399 1280 472 qum
1335 378 1490 446 diets

284 469 420 521 sunt
457 461 565 520 tibi
598 480 634 519 a
668 459 938 518 Domino.
1020 459 1100 526 Et
1136 469 1220 520 alt
1260 457 1488 529 Maria3

289 538 628 617 Magnificat
653 539 846 597 anima
871 558 1002 600 mea
1028 538 1341 606 Dominum
1372 556 1390 607 ;
1434 545 1494 594 et

290 618 602 679 exsultavit
617 616 850 697 spiritus
868 637 1026 680 meus
1043 617 1103 686 in
1124 614 1253 684 Deo
1267 614 1499 684 salutari

295 717 441 757 meo.

366 852 592 907 Beatam
618 856 673 905 te
694 850 878 905 dicent
910 866 1097 904 omnes
1130 848 1507 928 generationes

297 923 428 994 quia
443 923 572 978 fecit
588 921 691 976 tibi
709 920 975 975 Dominus
989 937 1189 991 magna
1202 919 1298 991 qui
1316 926 1508 993 potens

300 999 382 1049 est
408 1014 420 1047 ε
447 1000 503 1049 et
524 997 774 1048 sanctum
800 1008 1000 1046 nomen
1026 991 1073 1064 ej
1083 1008 1159 1046 us.

390 1064 629 1124 Secreta.
1057 1069 1064 1076 ’

383 1145 635 1204 Domine
688 1141 733 1201 J
735 1162 833 1201 esu
884 1140 1135 1216 Christe,
1182 1148 1508 1200 sanctarum

307 1223 711 1303 cogitationum
758 1221 1113 1299 suspirator3
1175 1220 1275 1297 qui
1322 1238 1512 1277 servos

310 1311 436 1360 tuos
518 1300 782 1359 loriosam
836 1307 1077 1357 matrem
1134 1304 1290 1355 tham
1338 1296 1514 1355 hono-

310 1398 441 1439 rare
501 1379 728 1451 ocuisti3
769 1375 1014 1436 concede
1042 1377 1322 1456 propitius
1342 1375 1517 1454 ipsius

314 1456 550 1517 solemni
603 1478 730 1517 cum
778 1453 1051 1515 sacrificio
1098 1455 1282 1513 laudis
1326 1453 1518 1513 debita

315 1555 445 1594 cum
484 1536 783 1596 devotione
810 1532 1094 1604 celebrare
1133 1535 1195 1591 in
1236 1533 1425 1606 terris,
1451 1540 1518 1592 ut

317 1616 439 1693 ejus
484 1615 893 1676 intercessione
941 1612 1231 1690 regnando
1269 1610 1517 1692 jubilare

1212 221 1565 278 OAU'PBLAE
1612 218 1867 280 HEBBAE.

2676 198 2804 270 648

1601 394 1926 442 mereamur
1977 372 2038 441 iu
2091 371 2259 442 ooelis·
2372 371 2489 446 Qui
2544 370 2689 438 vivis
2751 377 2811 432 et

1602 473 1811 534 regnas
1844 453 2020 512 Deus.

1685 529 1969 608 Praefatio
1995 528 2063 588 dc
2090 529 2248 598 beata
2283 527 2521 605 Vimine
2549 526 2782 596 Manu.

1698 607 2051 669 communio.

1683 686 1997 749 Benedioite
2020 684 2195 742 Deum
2213 682 2337 746 coeli
2353 699 2478 746 cum
2503 682 2699 744 timore
2726 700 2739 733 ε
2766 687 2824 742 et

1612 757 1880 824 exsultate
1926 756 1977 818 ei
2024 772 2148 816 cum
2197 760 2426 810 tremore
2465 773 2477 806 ι
2517 753 2649 824 quia
2694 752 2828 812 fecit

1616 828 1897 882 nobiscum
1933 824 2351 888 misericordiam
2380 843 2391 877 :
2418 841 2545 884 cum
2577 824 2641 880 in
2676 822 2832 886 coelis

1621 905 1856 956 matrem
1878 913 1975 970 pro
1995 895 2151 952 nobis
2168 913 2280 951 esse
2296 895 2470 958 voluit
2493 895 2830 960 advocatam.

1700 967 2176 1027 PoetcommuniO.

1709 1047 1995 1118 Concede,
2061 1064 2400 1124 quaesumuS,
2469 1043 2834 1122 omnipotens

1620 1126 1798 1198 Deae,
1826 1133 2181 1192 sacramenta
2217 1142 2345 1201 quae
2386 1123 2735 1201 sumpsimus
2773 1121 2835 1177 in

1623 1204 1840 1262 honore
1881 1206 2061 1262 beatae
2104 1203 2310 1261 Mariae
2349 1201 2589 1288 virginis
2634 1198 2840 1266 matris

1626 1281 1990 1342 immaculato
2029 1281 2200 1339 corde
2245 1299 2471 1338 servare
2502 1300 2517 1337 ε
2576 1287 2647 1336 ut
2690 1296 2840 1334 nunc

1627 1360 1773 1420 festa
1789 1361 1910 1439 ejus
1926 1358 2192 1431 colenteS,
2214 1367 2344 1437 post
2360 1377 2660 1417 excessum
2676 1355 2844 1440 hujus

1628 1440 1765 1497 vitae
1792 1439 1864 1496 ad
1891 1438 2065 1517 ipsius
2093 1456 2415 1496 mereamur
2439 1435 2694 1502 transire
2714 1454 2847 1502 con-

1630 1518 1889 1586 sortium.
1974 1517 2090 1586 Per
2116 1516 2360 1587 eundem
2389 1513 2737 1583 Dominum.

1274 1876 1599 1952 Cautelae
1633 1876 1923 1949 Μίδεω)

407 2049 732 2128 Sequuntur
755 2051 1185 2128 insomatiouee
1211 2061 1264 2113 et
1302 2053 1535 2112 cautelae

326 2130 678 2265 οόἷεόνῖακηᾶω
713 2131 1032 2209 presbytero
1078 2132 1285 2190 volenti
1328 2131 1535 2190 divina

332 2229 388 2265 ce
412 2227 439 2264 e
505 2228 621 2269 are.

388 2285 589 2345 Prima
602 2284 819 2344 cautela
834 2293 939 2358 est,
950 2295 1015 2346 ut
1031 2287 1288 2345 sacerdes
1306 2286 1535 2345 missam

331 2361 716 2423 celebraturus
768 2365 1167 2423 conscientiam
1220 2384 1382 2422 suam
1434 2385 1539 2443 per

332 2461 535 2562 puram
557 2440 964 2500 confessionem
988 2442 1200 2520 optime
1227 2451 1536 2522 praeparet,

370 2525 789 2578 sacramentum
803 2519 831 2558 ¹³
848 2519 1218 2590 vehementer
1232 2522 1539 2594 desideret,

336 2607 397 2657 et
447 2597 714 2656 confiteri
768 2598 1047 2663 intendat.
1148 2598 1211 2660 N
1214 2598 1423 2658 otulam
1468 2601 1542 2659 de

335 2674 508 2734 modo
553 2676 759 2754 agendi
806 2675 1055 2736 officium
1105 2678 1440 2737 memoriter
1483 2686 1545 2748 et

338 2756 485 2813 bene
510 2754 668 2813 sciat.
772 2754 982 2815 Crestus
1008 2753 1173 2815 valde
1209 2757 1545 2834 compositos

341 2852 406 2891 ac
425 2832 658 2892 devotos
678 2832 902 2892 habeat.
964 2833 1110 2894 Cum
1133 2835 1287 2894 enim
1307 2833 1547 2913 quilibet

342 2919 607 2970 teneatur
632 2910 823 2970 Deum
849 2911 1087 2991 diligere
1108 2932 1182 2971 ex
1207 2920 1329 2971 toto
1355 2912 1545 2985 corde,

346 3010 422 3047 ex
445 2997 571 3048 tota
593 2989 802 3061 anima,
824 2998 883 3049 et
904 3010 979 3049 ex
1004 2991 1141 3050 totis
1164 2991 1376 3049 viribus
1396 2990 1539 3061 suis;

348 3066 442 3125 hic
480 3067 668 3127 Deum
709 3068 946 3146 diligere
978 3088 1092 3127 non
1133 3070 1425 3147 probatur,
1453 3068 1552 3147 qui

350 3146 409 3202 in
452 3165 650 3205 mensa
687 3146 903 3206 Alter-is
947 3148 1045 3206 ubi
1086 3147 1220 3206 Rex
1258 3167 1457 3228 regum
1493 3155 1554 3206 et

352 3223 633 3281 Dominus
650 3226 903 3294 omnium
920 3234 1200 3286 tractatur
1216 3234 1276 3284 et
1290 3225 1551 3297 sumitur,

352 3300 718 3381 irreligiosus,
739 3303 1054 3376 indevotus,
1076 3304 1412 3381 impudicuS,
1438 3303 1553 3361 dis·

351 3388 585 3453 tractus,
632 3401 826 3459 vagus,
870 3389 971 3440 aut
1022 3382 1332 3441 desidiosus
1384 3401 1555 3459 appa·-

353 3458 554 3516 ruerit.
637 3459 920 3517 Attendat
960 3460 1137 3537 igitur
1178 3459 1557 3537 unusquisque

355 3536 509 3611 quod
566 3536 642 3594 ad
706 3556 960 3594 mensam
1020 3554 1285 3613 magnam
1344 3538 1556 3596 sedeat.

356 3612 586 3691 Cogitet
613 3611 856 3691 qua-liter
884 3633 1013 3671 eum
1054 3616 1366 3691 praeparari
1394 3635 1560 3693 opor*-

358 3699 498 3749 teat.
545 3690 636 3751 Sit
650 3699 845 3749 cautus
862 3699 921 3749 et
936 3692 1385 3769 circumspectus.
1431 3693 1561 3752 Stet

358 3776 606 3841 erectus3
636 3788 750 3828 non
758 3769 954 3847 jacens
973 3767 1034 3824 in
1057 3768 1270 3829 Altari.
1327 3771 1562 3831 cubitos

353 3847 561 3925 jungat
599 3846 886 3906 lateribus.
988 3845 1198 3905 Manus
1234 3848 1469 3920 exaltet,
1497 3857 1564 3908 ut

361 3925 757 3984 extremitates
771 3923 1078 4003 digitorum
1095 3925 1375 3985 modicum
1394 3946 1564 4006 super

361 4000 627 4062 humeros
645 4002 958 4060 videantur.
1007 4002 1370 4063 Intellectum
1389 4005 1564 4083 signis

362 4088 423 4139 et
475 4080 663 4140 verbis
727 4089 971 4159 coaptet,
1024 4082 1290 4159 quoniam
1358 4103 1566 4162 magna

362 4157 548 4218 latent
600 4158 661 4217 in
726 4158 918 4239 signis,
972 4162 1191 4239 majora
1242 4162 1303 4218 in
1357 4162 1564 4234 verbis,

361 4333 389 4368 ἃ
427 4325 543 4379 Has
565 4326 765 4396 primas
783 4327 1018 4384 cautelas
1043 4347 1153 4385 non
1180 4329 1344 4384 habet
1373 4328 1453 4382 15.

366 4395 393 4432 b
436 4398 912 4452 conficere.-—55P.

1645 2051 1902 2118 maxima
1927 2050 1988 2111 in
2024 2048 2360 2117 intentione.
2461 2046 2610 2114 Tres
2649 2046 2861 2126 digitos

1639 2131 1851 2208 jungat
1902 2128 2104 2206 quibus
2155 2127 2317 2207 signa
2364 2123 2554 2196 faciat,
2611 2125 2861 2203 reliquos

1646 2210 1788 2267 duos
1815 2209 1873 2268 in
1895 2226 2069 2272 manu
2087 2211 2404 2284 componat.
2489 2204 2671 2283 Signa
2689 2202 2859 2270 faciat

1648 2287 1866 2345 directe
1927 2305 2044 2343 non
2102 2283 2349 2362 oblique,
2408 2281 2524 2346 alte
2558 2284 2725 2346 ‘satis
2786 2301 2862 2341 ne

1649 2364 1876 2424 calicem
1931 2370 2168 2422 evertat.
2266 2361 2333 2419 N
2336 2381 2409 2419 on
2465 2360 2702 2419 circulos
2752 2380 2865 2442 pro

1651 2443 1925 2502 crucibus,
1993 2441 2136 2500 Cum
2159 2459 2293 2499 vero
2311 2438 2706 2501 inclinandum
2727 2439 2864 2510 erit,

1652 2541 1769 2580 non
1809 2518 2034 2596 oblique
2072 2518 2172 2577 sed
2210 2518 2424 2577 directe
2451 2527 2589 2576 ante
2628 2516 2864 2590 Altare,

1652 2608 1778 2659 toto
1803 2606 2064 2656 curvatus
2090 2615 2325 2674 corpore
2352 2617 2413 2655 se
2445 2595 2700 2662 inclinet.

1737 2676 2000 2737 Secunda
2025 2682 2128 2746 est,
2150 2683 2216 2733 ut
2244 2694 2356 2733 non
2387 2682 2552 2753 putet
2577 2673 2677 2731 sed
2705 2680 2871 2731 certo

1656 2755 1793 2814 sciat
1820 2774 1880 2813 se
1906 2753 2125 2812 debitas
2156 2754 2423 2811 materias
2464 2752 2711 2830 habere}
2756 2748 2871 2814 hoc

1658 2842 1748 2893 est
1792 2852 2000 2912 panem
2048 2831 2334 2890 triticeum
2382 2837 2444 2889 et
2488 2831 2686 2890 vinum
2731 2848 2870 2886 cum

1659 2931 1806 2989 aqua
1825 2910 2058 2968 modica.
2128 2910 2215 2967 De
2236 2909 2369 2967 vino
2390 2918 2450 2970 et
2476 2928 2622 2988 aqua
2648 2906 2870 2989 poterit

1662 2991 1741 3049 sic
1776 2987 2095 3048 certificari.
2175 2986 2389 3066 Exiget
2423 3008 2458 3055 a.
2495 2987 2765 3045 ministro
2805 2994 2873 3043 ut

1662 3076 1855 3147 gustet
1873 3075 1994 3125 tam
2018 3065 2210 3123 vinum
2232 3086 2401 3145 quam
2422 3084 2647 3142 aquam.
2730 3062 2875 3141 Ipse

1664 3154 1854 3204 autem
1901 3147 2202 3224 presbyter
2245 3145 2489 3223 gustare
2518 3162 2634 3200 non
2675 3142 2871 3202 debet.

1668 3225 1908 3284 Guttam
1968 3221 2170 3281 fundat
2225 3223 2288 3280 in
2341 3241 2576 3280 manum
2604 3242 2622 3293 3
2686 3220 2876 3298 digito

1665 3311 1817 3361 terat
1838 3309 1897 3361 et
1923 3301 2151 3373 odoret3
2193 3302 2273 3359 sic
2293 3301 2404 3359 erit
2424 3301 2651 3359 certior.
2731 3298 2795 3356 N
2799 3317 2872 3354 on

1668 3381 1863 3440 credat
1902 3378 2166 3457 ampullae
2211 3379 2255 3437 si
2338 3387 2471 3452 ates,
2521 3396 2638 3436 non
2680 3376 2876 3447 colori,

1668 3458 1933 3536 quoniam
1964 3457 2169 3535 saepius
2193 3456 2250 3515 fa
2292 3465 2413 3515 unt.
2498 3456 2715 3518 Videat
2740 3454 2877 3513 mli-

1670 3557 1793 3595 cem
1816 3556 1887 3594 ne
1908 3536 1983 3594 sit
2003 3535 2231 3594 fractus,
2285 3535 2625 3598 consideret
2642 3535 2874 3601 vinum;

1673 3615 1721 3673 si
1738 3624 1825 3674 est
1845 3621 2206 3684 ‘acetosumf
2234 3611 2390 3674 nullo
2405 3614 2575 3671 modo
2595 3611 2876 3679 celebret3

1676 3692 1702 3731 ¹¹
1720 3692 1768 3751 si
1790 3700 1875 3751 est
1895 3697 2232 3765 acetosum‚·1
2251 3690 2590 3763 dissimulet;
2635 3691 2681 3750 si
2703 3689 2880 3746 nimis

1674 3790 1964 3848 aquosum,
2005 3770 2305 3840 abstineat,
2347 3770 2456 3827 nisi
2498 3770 2639 3827 sciat
2681 3769 2880 3828 vinum

1675 3868 1837 3926 aquae
1864 3847 2191 3927 praevalere.
2273 3847 2353 3905 Et
2382 3849 2440 3904 in
2470 3847 2627 3904 omni
2654 3866 2806 3917 casu,
2826 3846 2886 3902 'si

1675 3928 1968 4005 contingat
1978 3927 2227 3985 dubitari
2237 3925 2325 3983 vel
2341 3933 2578 4010 propter
2586 3924 2886 3988 acedinem

1677 4004 1766 4063 vel
1812 4014 2047 4084 propter
2094 4005 2405 4064 mixturam
2454 4002 2543 4062 vel
2587 4001 2889 4092 illimpidi·

1676 4091 1875 4155 tatem,
1894 4092 2087 4140 utrum
2111 4086 2285 4160 possit
2305 4082 2524 4154 confici,
2540 4079 2894 4148 consulimus

1677 4162 2008 4233 abstiner03
2078 4161 2210 4238 quia
2260 4159 2318 4217 in
2374 4159 2480 4226 hoc
2533 4171 2898 4218 sacramento

1685 4337 1707 4365 0
1744 4328 1823 4381 ita
1846 4327 1931 4381 26.
1961 4327 2050 4382 &e
2078 4327 2614 4399 oorruptum.-55P.

1686 4398 1713 4434 <¹
1751 4399 1841 4451 sed
1866 4399 1912 4452 si
1937 4398 2329 4455 acidum—13.
