2975 5009
332 263 415 329 47
484 275 771 326 v1c1L1A
807 276 1286 324 NA'mva'i-ls
1320 278 1465 325 Dm.

331 443 380 492 et
410 443 540 491 tunc
555 434 670 508 fiat
695 433 968 489 memoria
1008 432 1075 490 de
1107 441 1302 490 sancta
1341 432 1548 490 Maria

331 521 381 570 et
406 513 474 569 cle
501 512 754 569 omnibus
780 511 986 568 sanctis
1014 519 1250 568 tantum.
1360 510 1549 568 Missa

332 611 456 647 vero
483 590 550 647 de
587 588 804 664 Viqilia
831 589 909 645 ad
949 589 1329 645 authenticum
1369 589 1550 647 altare

333 669 453 725 sine
474 668 673 744 aliqua
688 667 979 736 memoria,
997 688 1123 724 cum
1144 668 1243 723 hoc
1264 665 1546 744 Alleluya.

348 747 403 798 V.
479 744 726 798 Crastina
749 744 836 798 die
859 743 1125 798 delebitur
1147 743 1410 812 iniquitas
1445 751 1550 798 ter-

332 834 408 871 rae
425 837 436 870 ε
456 822 512 871 et
529 814 778 885 regnabit
791 831 951 885 super
968 831 1066 868 nos
1080 814 1325 869 Salvator
1337 815 1548 883 mundi,

413 887 716 964 Sequentia
742 886 784 944 J
788 884 1079 944 ubilemuS.

418 965 487 1025 Si
521 985 647 1023 vero
683 962 1001 1021 Dominica
1036 985 1149 1021 non
1177 962 1382 1039 suerit,
1421 972 1553 1022 tunc

334 1043 594 1114 Alleluya
620 1050 670 1098 et
700 1040 1000 1117 Sequentia
1019 1042 1548 1118 praetemnittamtur.

412 1119 732 1178 Secundum
757 1119 1144 1177 λὶῙαὶξίῙιοειιηι.ει

417 1197 492 1254 In
519 1197 618 1255 illo
653 1206 910 1276 tempore
949 1198 1092 1257 Cum
1135 1206 1281 1257 esset
1307 1197 1550 1276 despon-

334 1285 456 1334 sata
482 1284 664 1334 mater
704 1276 845 1334 Jesu
885 1276 1076 1334 Maria
1111 1278 1153 1336 J
1157 1275 1349 1354 oseph,
1387 1287 1548 1336 ante-

335 1376 504 1430 quam
531 1355 914 1426 convenirent,
937 1356 1167 1414 inventa
1188 1363 1274 1414 est
1300 1354 1360 1411 in
1386 1364 1550 1413 utero

336 1433 550 1492 habens
603 1434 675 1491 de
724 1434 943 1511 Spiritu
997 1434 1222 1492 Sancto.
1329 1431 1373 1490 J
1375 1432 1549 1511 oseph

335 1522 530 1570 autem
576 1511 666 1568 vir
719 1512 857 1591 ejus,
907 1532 1033 1569 cum
1082 1520 1231 1572 esset
1255 1511 1440 1590 justus
1488 1522 1550 1570 et

335 1590 513 1648 nollet
563 1610 686 1648 eam
732 1592 1028 1650 traducere
1053 1613 1067 1651 ε
1118 1591 1296 1649 voluit
1334 1590 1549 1648 occulte

335 1669 627 1727 dimittere
655 1688 798 1726 eam.
879 1669 1027 1727 Haec
1054 1678 1246 1729 autem
1291 1688 1357 1728 eo
1397 1670 1548 1747 cogi-

333 1758 516 1819 tante,
553 1767 680 1806 ecce
717 1747 947 1826 angelus
988 1748 1222 1807 Domini
1249 1748 1309 1804 in
1337 1748 1550 1805 somnis

335 1845 406 1904 ap
446 1826 597 1884 aruit
625 1826 697 1897 ei,
725 1826 952 1885 dicens:
980 1827 1023 1885 J
1026 1827 1200 1905 oseph
1229 1826 1314 1883 fili
1341 1825 1548 1896 David,

336 1924 411 1961 no
434 1905 674 1964 itimere
701 1905 953 1982 accipere
981 1906 1225 1962 Mariam
1253 1903 1548 1982 conjugem

334 1992 489 2040 tuam
514 2004 527 2041 τ
578 1985 729 2059 quod
775 1984 930 2041 enim
979 1984 1038 2040 in
1080 2004 1147 2041 ea
1198 1992 1395 2041 natum
1444 1990 1550 2053 est,

334 2062 407 2120 de
436 2060 652 2140 Spiritu
694 2062 901 2120 Sancto
941 2070 1044 2121 est.
1128 2061 1323 2121 Pariet
1361 2070 1551 2119 autem

338 2139 520 2197 filium
545 2160 560 2198 t
602 2149 662 2199 et
689 2141 907 2198 vocabis
933 2160 1141 2199 nomen
1168 2140 1287 2218 ejus
1313 2140 1356 2198 J
1359 2160 1515 2198 esum
1537 2162 1551 2198 :

338 2219 458 2296 ipse
480 2219 631 2276 enim
655 2216 872 2275 salvum
897 2216 1067 2279 faciet
1094 2217 1363 2297 populum
1391 2238 1554 2275 suum

337 2319 373 2355 a
398 2299 640 2376 peccatis
667 2317 882 2355 eorum.

1922 279 2316 328 NArlvrrAs
2348 278 2637 328 nomm.
2802 263 2904 326 48

1748 432 2131 509 Offertorium.

1731 510 1925 566 Tollite
1965 518 2158 584 portas,
2209 511 2379 583 princi
2475 552 2488 580 ‚
2540 517 2782 565 vestras:
2843 519 2904 567 et

1662 580 1947 665 elevamini
2047 590 2149 639 rtae
2182 592 2351 638 aetern
2410 583 2511 651 esst)
2539 588 2595 636 et
2635 583 2905 637 introibit

1662 652 2028 805 rssngffgffiffl
2052 729 2133 778 est
2157 730 2300 778 terra
2333 729 2389 777 et
2424 722 2704 794 plenitudo
2727 723 2864 793 ejus
2888 745 2900 777 :

1663 794 1806 875 orbis
1839 800 2102 849 terrarum
2137 800 2192 849 et
2230 794 2466 849 universi
2500 794 2596 865 qui
2629 794 2903 849 habitant

1663 881 1723 916 m
1748 875 1854 918 eo,‘²

1744 935 1858 994 Iste
1901 958 2103 1007 versus,
2145 936 2198 993 si
2238 934 2557 993 Dominica
2581 934 2794 1013 fuerit,
2836 959 2900 994 eo

1666 1035 1815 1072 anno
1833 1015 2320 1092 preater-mittatur.

1750 1090 1987 1151 Secreta.

1743 1170 1836 1230 Da
1888 1171 2067 1244 nobis,
2126 1190 2464 1248 quaesumus,
2521 1169 2898 1259 omnipotens

1664 1249 1851 1310 Deus:
1881 1260 1945 1308 ut
1962 1249 2138 1308 sicut‘¹
2160 1250 2445 1308 adoranda
2465 1247 2594 1308 Filii
2616 1257 2701 1306 tul
2722 1258 2897 1307 nata-

1665 1325 1788 1385 litia
1845 1328 2238 1407 praevenimus,
2307 1328 2385 1385 sic
2453 1328 2573 1404 ejus
2639 1346 2899 1386 munera

1662 1406 1944 1484 capiamus
1971 1407 2320 1485 sempiterna
2355 1406 2684 1484 gaudentes·
2771 1404 2898 1466 Per

1663 1485 1920 1543 eundem.

1739 1562 2018 1639 Praefatio
2048 1560 2420 1633 Quotidiana.

1746 1640 2097 1699 Communia

1734 1717 2079 1772 Revelabitur
2101 1717 2272 1788 gloria
2296 1716 2513 1769 Domini
2536 1737 2547 1770 :
2598 1722 2653 1770 et
2677 1716 2900 1774 videbit

1661 1788 1839 1843 omnis
1862 1806 1983 1842 caro
2006 1788 2240 1842 salutare
2265 1788 2363 1842 Dei
2389 1787 2604 1841 nostrie

1743 1861 2218 1918 Postcom‘munio.

1745 1938 1838 1995 Da
1861 1938 2041 2008 nobis,
2063 1957 2400 2016 quaesumuS,
2427 1936 2695 2007 Domine,
2725 1936 2898 1997 Uni-

1664 2017 1846 2095 geniti
1902 2016 2034 2075 Filii
2100 2016 2187 2075 tui
2244 2015 2524 2075 recensita
2577 2016 2898 2077 nativitate

1666 2095 1966 2173 respirare,
2013 2095 2169 2173 cujus
2206 2094 2417 2153 coelesti
2444 2096 2720 2169 mysterio
2756 2114 2898 2173 pas⁶

1666 2174 1846 2231 cimur
1874 2183 1933 2232 et
1959 2183 2240 2251 potamur.
2324 2173 2438 2231 Per
2465 2173 2729 2231 eundem.
2973 2163 2975 2184 '

1030 2580 1121 2650 In
1171 2585 1387 2652 nocte
1437 2583 1824 2653 nativitatis
1872 2582 2192 2654 Domini.

423 2762 560 2822 Post
596 2782 807 2819 nonam
840 2762 1124 2820 lectionem
1163 2770 1416 2820 cantetur
1455 2763 1554 2819 hoc

342 2841 728 2918 Evanqelium
752 2841 820 2898 in
836 2841 1064 2918 puspito
1092 2862 1129 2898 a
1157 2842 1430 2898 Diacono.

421 2921 671 2979 Initium
723 2921 906 2977 sancti
956 2920 1310 2996 Evanqelii;
1362 2940 1551 2977 secwn-

341 3001 480 3058 dum
509 2998 934 3057 Matthoeum.*f

437 3079 613 3137 Liber
676 3076 1058 3156 generationis
1129 3077 1172 3135 J
1175 3096 1271 3134 esu
1337 3075 1552 3135 Christi

342 3157 447 3214 filii
474 3157 680 3227 David,
713 3156 818 3213 filii
854 3154 1168 3213 Abraham.
1254 3154 1549 3212 Abraham

380 3237 538 3294 enuit
590 3236 763 3293 Isaac.
875 3233 1035 3292 Isaac
1099 3242 1290 3291 autem
1356 3233 1553 3309 genuit

341 3352 356 3372 .
385 3315 539 3373 acob.
647 3313 825 3372 Jacob
865 3319 1057 3370 autem
1092 3312 1292 3389 genuit
1318 3311 1549 3382 Judam,

342 3403 403 3452 et
441 3391 646 3451 fratres
681 3392 818 3468 ejus·
898 3390 940 3448 J
943 3391 1079 3447 udas
1116 3398 1306 3448 autem
1353 3391 1553 3467 genuit

345 3471 561 3531 Pharos
588 3479 648 3529 et
666 3469 869 3527 Zaram
891 3468 964 3527 de
985 3467 1252 3526 Thamar.
1337 3467 1552 3527 Pharos

341 3557 532 3608 autem
578 3549 775 3628 genuit
817 3548 1037 3606 Esrom.
1122 3546 1323 3603 Esrom
1360 3556 1550 3605 autem

344 3629 544 3706 genuit
593 3629 795 3684 Aram.
892 3625 1069 3682 Aram
1119 3632 1308 3682 autem
1350 3624 1552 3702 genuit

346 3707 685 3764 Aminadab.
768 3704 1088 3761 Aminadab
1132 3711 1321 3760 autem
1353 3703 1551 3781 genuit

347 3784 598 3843 Naason.
682 3782 913 3840 Naason
952 3790 1141 3839 autem
1189 3782 1387 3859 genuit
1428 3780 1550 3840 Sal-

418 3888 454 3920 *
490 3888 635 3941 Dum
660 3903 866 3939 nonum
891 3884 1305 3955 Responsorium
1337 3884 1553 3937 canitur

346 3960 594 4030 procedat
644 3957 911 4010 Diaconus
956 3973 1079 4008 cum
1121 3954 1456 4008 Subdiacono
1498 3961 1554 4009 et

347 4047 471 4084 cum
490 4027 848 4083 thuribulario
866 4033 920 4080 et
937 4026 1244 4080 ceroferario
1267 4032 1322 4079 et
1344 4025 1554 4098 acolyto

346 4118 554 4155 crucem
573 4098 842 4153 deferente
861 4097 1111 4151 omnibus
1134 4098 1193 4149 in
1217 4096 1442 4151 solemni
1460 4114 1552 4167 ap·

349 4178 541 4243 paratu
573 4170 781 4223 indutis
812 4168 881 4223 ad
914 4168 1334 4222 thurificandum
1367 4167 1551 4235 altare,

349 4248 565 4314 accepta
588 4240 955 4296 benedictione
983 4241 1052 4294 ab
1081 4245 1358 4293 executore
1382 4237 1552 4307 officii,

350 4349 378 4448 ἶ
413 4357 525 4412 cap.
553 4358 587 4461 ἰ]
616 4337 1019 4462 &53618-21.)

351 4491 374 4519 0
413 4428 675 4535 {gilxxaeiii
706 4451 870 4549 (xxiv.
897 4480 942 4546 7,
976 4478 1048 4547 1.)

1667 2784 1819 2822 mon.
1902 2764 2130 2825 Salmon
2157 2772 2348 2823 autem
2374 2765 2574 2842 genuit
2615 2765 2783 2825 Booz
2819 2771 2897 2830 de

1664 2841 1841 2901 Raab.
1924 2844 2078 2901 Booz
2118 2852 2309 2901 autem
2349 2843 2548 2922 genuit
2592 2842 2765 2902 Obed
2819 2870 2896 2909 ex

1664 2920 1845 2981 Ruth.
1875 2921 2037 2980 Obcd
2055 2930 2246 2979 autem
2270 2922 2471 2999 genuit
2484 2921 2666 2980 Jesse.
2708 2922 2760 2981 J
2764 2947 2898 2987 esse

1663 3011 1854 3059 autem
1901 3000 2101 3077 genuit
2142 2999 2330 3057 David
2373 3020 2585 3078 regem.

1663 3090 1854 3137 autem
1905 3099 2008 3137 rex
2051 3078 2248 3157 genuit
2286 3077 2643 3137 Salomonem
2691 3099 2779 3139 ex
2827 3106 2899 3143 ea

1663 3177 1789 3291 31ae
1808 3156 1914 3215 fuit
1932 3157 2115 3215 Uriae.
2184 3155 2443 3214 Salomon
2466 3166 2654 3215 autem
2674 3163 2900 3236 genuit

1724 3236 1940 3293 oboam.
2022 3234 2275 3293 Roboam
2297 3242 2486 3292 autem
2507 3237 2705 3313 genuit
2730 3239 2899 3299 Abi-

1668 3332 1778 3370 am.
1850 3312 2003 3371 Abia
2025 3322 2215 3371 autem
2242 3313 2438 3390 genuit
2467 3314 2666 3370 Asam.
2760 3318 2900 3380 Asa

1669 3400 1857 3450 autem
1928 3392 2126 3468 genuit
2187 3391 2226 3448 J
2230 3389 2479 3470 osaphat.
2595 3392 2640 3449 J
2640 3395 2898 3472 osaphat
2971 3425 2972 3450 ι

1664 3478 1855 3528 autem
1895 3470 2091 3546 genuit
2142 3468 2186 3527 J
2188 3490 2362 3527 oram.
2432 3468 2475 3526 J
2477 3489 2634 3527 oram
2680 3484 2894 3536 autern

1665 3548 1865 3625 genuit
1908 3548 2127 3607 Oziam.
2239 3547 2408 3605 Ozias
2443 3555 2631 3606 autem
2674 3558 2896 3627 genuit

1663 3625 1707 3684 J
1709 3626 1937 3685 cathan.
2023 3626 2273 3685 Joathan
2315 3634 2504 3683 autem
2584 3630 2748 3686 enuit
2794 3634 2893 3691 A-

1664 3704 1819 3762 chaz.
1904 3704 2102 3761 Achaz
2119 3714 2307 3762 autem
2324 3704 2522 3782 genuit
2603 3704 2890 3769 zechiam.

1666 3782 1938 3842 Ezechias
2003 3790 2192 3841 autem
2264 3783 2462 3860 genuit
2526 3784 2888 3848 Manassem.

1775 3886 2011 3939 medium
2029 3885 2174 3939 chori
2199 3887 2267 3940 ad
2292 3887 2621 3940 cantandum
2649 3905 2892 3963 evange·
2969 3945 2970 3950 ,

1687 3957 1800 4009 ium
1820 3956 1878 4008 in
1943 3956 2114 4026 ulpito
2136 3958 2365 4011 accedat.
2429 3957 2698 4011 Dominus
2714 3964 2892 4019 vobis-

1664 4045 1799 4080 cum.
1909 4033 2062 4080 tcum
2081 4028 2278 4095 spiritu
2295 4034 2399 4081 tuo.
2457 4028 2691 4082 Initium
2704 4040 2895 4090 sancti

1665 4097 1944 4166 Evanyelii
1975 4098 2261 4150 secundum
2292 4097 2619 4152 Matthaeum.
2690 4100 2892 4162 Gloria

1666 4169 1776 4235 tibi,
1803 4168 2279 4222 Domina—(irad.

1669 4333 1697 4370 ‘¹
1733 4334 1958 4388 nid—26.

1671 4414 1695 4441 θ
1733 4404 1906 4459 Esaiae
1937 4405 2009 4458 xl.
2037 4405 2097 4458 B.
2150 4424 2198 4459 v.
2227 4405 2301 4475 5.)

1673 4475 1691 4511 f
1724 4492 1836 4546 cap.
1866 4474 1898 4528 i.
1932 4477 2001 4528 A.
2031 4475 2100 4545 (v.
2165 4476 2312 4547 -16.)

2685 3000 2897 3065 David
2973 3021 2974 3024 ’
