2975 5009
313 237 397 300 31
749 234 985 298 Fam».
1018 248 1116 296 ιν.

313 406 548 486 virginis
567 404 772 463 Maria.
853 405 932 463 Et
958 403 1240 483 ingressus
1264 403 1522 482 Angelus

312 486 386 543 ad
414 505 540 543 eam
565 484 750 554 dixit:
802 482 933 542 Ave
960 483 1145 573 gratia
1170 480 1376 573 plena:
1403 482 1523 541 Do-

315 563 503 621 minus
528 570 748 622 tecum:
778 562 1075 620 benedlcta
1091 570 1155 619 tu
1184 580 1244 618 in
1272 560 1529 620 mulieri-

317 642 440 699 bus.
518 640 661 709 Quae
703 660 833 699 cum
871 638 1136 711 audisset,
1177 639 1408 697 turbata
1432 647 1521 698 est

315 719 375 776 in
422 738 685 778 sermone
726 718 864 797 ejus,
906 728 966 776 et
1011 718 1295 795 cogitabat
1339 717 1521 793 qualis

314 804 461 856 esset
502 797 612 855 ista
654 795 933 856 salutatio.
1014 794 1094 853 Et
1137 795 1221 853 ait
1265 794 1521 873 Angelus

313 875 398 946 ei:
448 874 544 934 Ne
582 875 802 946 timeas,
836 872 1045 945 Maria,
1073 872 1339 931 invenisti
1366 874 1519 931 enim

313 954 558 1033 gratiam
583 954 734 1032 apud
762 953 983 1011 Deum:
1014 971 1139 1010 ecce
1159 950 1437 1029 concipies
1456 956 1519 1009 in

313 1039 499 1104 uter0,
539 1038 601 1090 et
678 1031 824 1090 aries
852 1029 1053 1101 filium,
1081 1037 1142 1088 et
1167 1029 1389 1087 vocabis
1416 1049 1519 1087 no-

314 1129 447 1168 men
475 1108 594 1188 ejus
665 1129 840 1168 esum.
907 1108 1023 1165 Hic
1050 1106 1162 1166 erit
1180 1127 1237 1164 m
1351 1127 1436 1179 us,
1458 1114 1520 1167 et

315 1186 492 1245 Filius
519 1186 798 1246 Altissimi
825 1184 1133 1256 vocabitur,
1163 1192 1222 1244 et
1287 1185 1407 1244 abit
1433 1185 1517 1243 illi

315 1264 594 1324 Dominus
648 1265 805 1324 Deus
855 1264 1046 1323 sedem
1100 1263 1286 1321 David
1338 1264 1519 1342 patris

313 1342 465 1421 ejus:
515 1352 576 1404 et
625 1340 885 1421 regnabit
930 1341 989 1399 in
1031 1340 1199 1399 domo
1237 1340 1416 1400 Jacob
1456 1341 1517 1399 in

315 1429 611 1494 aeternum,
641 1429 700 1480 et
727 1440 788 1479 re
867 1419 885 1477 i
915 1420 1033 1512 ejus
1073 1439 1188 1478 non
1230 1418 1340 1478 erit
1365 1419 1514 1477 finis·

315 1499 486 1558 Dixit
548 1508 741 1558 autem
874 1519 994 1557 aria
1051 1498 1123 1557 ad
1180 1494 1515 1576 Angelum:

313 1578 608 1646 Quomodo
650 1576 755 1637 fiet
800 1575 970 1650 istud,
1015 1577 1280 1655 quoniam
1328 1574 1517 1634 virum

311 1675 426 1713 non
453 1657 766 1735 cognosco?
848 1656 929 1715 Et
946 1676 1037 1715 res
1080 1654 1293 1714 ondens
1316 1655 1517 1733 Ange·

310 1732 401 1793 lus
438 1735 590 1794 dixit
629 1734 717 1805 ei:
761 1733 1005 1813 Spiritus
1038 1676 1281 1794 1Sanctus
1320 1752 1517 1811 super·-

312 1812 503 1871 veniet
529 1814 589 1870 in
615 1821 694 1886 te,
723 1820 782 1871 et
807 1812 984 1869 virtus
1013 1810 1297 1869 Altissimi
1323 1812 1517 1868 obum-

312 1890 503 1949 brabit
528 1891 631 1949 tibi
655 1912 671 1962 ;
725 1890 960 1967 ideoque
981 1896 1041 1947 et
1066 1889 1216 1965 quod
1257 1894 1517 1948 nascetur

313 1988 388 2026 ex
427 1977 487 2029 te
516 1969 807 2040 Sanctum,
848 1967 1134 2025 vocabitur
1173 1964 1351 2025 Filius
1383 1964 1514 2024 Dei.

315 2046 398 2105 Et
423 2067 551 2106 ecce
576 2043 877 2105 Elizabeth
903 2051 1140 2123 cognata
1163 2051 1280 2115 tua,
1309 2050 1369 2102 et
1395 2043 1519 2121 ipsa

313 2124 569 2202 concepit
616 2124 798 2181 filium
838 2122 901 2179 in
942 2130 1230 2181 senectute
1270 2141 1405 2180 sua:
1456 2128 1518 2180 et

313 2200 407 2260 hic
433 2200 639 2260 mensis
667 2209 754 2260 est
783 2208 977 2260 sextus
1003 2198 1105 2270 illi,
1133 2218 1260 2276 quae
1286 2207 1517 2257 vocatur

313 2279 559 2341 sterilis:
626 2279 758 2356 quia
822 2298 936 2337 non
999 2278 1112 2338 erit
1175 2278 1519 2356 impossibile

313 2358 463 2436 apud
529 2357 715 2416 Deum
771 2376 939 2417 omne
989 2357 1243 2415 verbum.
1349 2354 1520 2416 Dixit

314 2445 506 2495 autern
551 2435 742 2494 Maria
757 2454 776 2509 ;
843 2435 990 2495 Ecce
1016 2432 1220 2493 ancilla
1261 2433 1515 2507 Domini,

316 2513 421 2571 fiat
448 2512 592 2571 mihi
618 2514 924 2573 secundum
950 2513 1187 2572 verbum
1216 2518 1397 2570 tuum.

399 2590 779 2668 Offmmum.

385 2668 507 2723 Ave
553 2668 744 2737 Maria,
793 2664 968 2739 gratia
1007 2665 1204 2739 plena;
1252 2664 1521 2721 Dominus

313 2743 494 2792 tecum
522 2758 534 2791 ε
570 2737 853 2794 benedicta
887 2743 953 2791 tu
993 2738 1054 2790 in
1090 2736 1418 2807 mulieribus,
1462 2741 1518 2792 et

313 2809 625 2863 benedictus
645 2808 853 2863 stactus
875 2808 1077 2862 ventris
1099 2807 1199 2861 tui.

323 2879 529 2934 Versus.
602 2879 836 2950 Ideoque
875 2883 932 2933 et
1015 2878 1121 2933 uod
1161 2882 1410 2931 nascetur
1449 2893 1517 2933 ex

312 2954 368 3004 te
390 2956 651 3020 sanctum,
678 2949 953 3006 vocabitur
1020 2949 1146 3003 ilius
1169 2948 1316 3003 Deis

391 3021 474 3079 Et
499 3022 714 3080 dicitwr
737 3041 866 3081 cum
890 3041 991 3079 suo
1014 3040 1193 3080 versu.

397 3097 633 3157 Secreta.

411 3176 656 3236 Salutari
695 3173 915 3256 jejunio
952 3177 1355 3254 competentes,
1397 3173 1515 3233 Do-

315 3254 489 3327 mine,
521 3254 735 3313 hostias
771 3253 1160 3315 immolamus:
1243 3261 1412 3311 raesta
1448 3261 1516 3313 ut

313 3333 384 3390 ad
414 3333 769 3392 nativitatem
789 3330 959 3391 Panis
980 3330 1181 3390 aeterni
1249 3330 1296 3390 is
1315 3330 1517 3391 officiis

311 3430 716 3490 praeparemur.
797 3409 912 3470 Per
937 3409 1200 3469 eundem.

391 3488 670 3565 Praefatio
698 3486 1067 3560 Quotidiano.

390 3565 713 3620 Communia
803 3563 937 3618 Ecce
974 3564 1124 3633 virgo
1159 3562 1419 3636 concipiet
1458 3568 1514 3619 et

312 3636 485 3759 Eua-iet
521 3635 745 3689 Filium.
781 3640 838 3690 et
859 3635 1135 3691 vocabitur
1168 3651 1366 3689 nomen
1397 3634 1516 3705 ejus

365 3705 684 3761 mmanue1.b

394 3776 866 3836 PostcommuniO.

422 3855 694 3916 Salutaris
761 3854 870 3925 tui,
943 3851 1208 3924 Domine,
1276 3873 1513 3913 munere

313 3933 520 4005 satiati,
542 3933 816 4012 supplices
839 3932 1233 4011 deprecamur:
1265 3938 1332 3990 ut
1356 3932 1514 4009 cujus

311 4010 573 4071 laetamur
634 4019 821 4091 gustu,
880 4029 1219 4070 renovemur
1280 4010 1509 4070 effectu.

316 4091 432 4149 Per
459 4088 786 4148 Dominum.

311 4238 341 4268 ὃ
376 4228 537 4285 Lucae
559 4247 671 4302 cap.
698 4230 733 4283 i.
761 4229 817 4284 O.
874 4248 919 4285 v.
947 4230 1032 4300 28,
1061 4230 1169 4301 35.)

314 4301 344 4339 b
375 4301 548 4356 Esaiae
570 4317 683 4383 cap.
710 4299 801 4384 vii.
873 4342 885 4356 .
913 4303 983 4425 ἓν.
1014 4301 1122 4396 14.)

312 4381 344 4481 Ξ
375 4371 664 4498 Ξῖᾱὲξινιέι.
680 4371 854 4497 l(ox11.
881 4371 904 4425 1
953 4372 1001 4442 1,
1029 4371 1173 4442 152.)

1294 246 1392 295 IV.
1427 243 1852 294 TEMPORUM.

2032 228 2269 291 quA
2302 243 2401 293 v1.
2756 231 2848 294 32

1737 402 1950 475 Feria
2018 408 2234 475 sexta
2307 411 2615 497 quatum·
2679 413 2847 474 tem·-

1820 527 1914 575 m·

1712 599 1816 657 Ad
1840 598 2105 657 Missam.
2191 596 2496 674 Officium⁰

1713 678 1902 755 Prope
1936 685 2078 749 esto,
2105 675 2371 747 Domine,
2400 684 2459 735 et
2498 696 2692 735 omnes
2732 677 2846 736 viae

1631 763 1749 813 tuae
1786 755 2033 814 veritas:
2081 754 2255 822 ,initio
2294 754 2529 832 cognovi
2568 756 2641 814 de
2678 757 2844 815 testi-

1632 832 1835 891 moniis
1861 834 1993 904 tuis‚
2020 833 2153 910 quia
2175 832 2236 889 in
2264 841 2544 892 aeternum
2570 841 2634 892 tu
2660 853 2738 891 es».

1711 911 1997 970 Psalmus.

1702 987 1857 1042 Beati
1892 985 2227 1041 immaculati
2261 986 2321 1040 in
2358 986 2475 1042 via:
2518 986 2615 1057 qui
2648 988 2842 1043 ambu-

1630 1057 1752 1112 lant
1772 1058 1834 1111 in
1855 1055 1972 1129 lege
1995 1056 2264 1113 Domini.‘¹
2533 1085 2538 1090 ·

1714 1128 1937 1189 oratic.

1689 1207 1937 1280 Excita?
1955 1212 2314 1284 (Ῑιιιιθιιιιιιιιιει,ο
2341 1203 2609 1278 Domine,
2636 1214 2842 1299 poten-

1628 1285 1768 1346 tiam
1808 1292 1966 1343 tuam
2007 1291 2068 1343 et
2106 1285 2268 1356 veni;
2310 1291 2376 1342 ut
2415 1283 2476 1342 hi
2510 1286 2606 1362 qui
2642 1306 2703 1343 m
2737 1294 2845 1345 tua

1629 1363 1843 1443 pietate
1882 1361 2198 1433 confidunt,
2225 1365 2297 1421 ab
2337 1363 2492 1421 omni
2533 1363 2698 1422 citius
2735 1366 2843 1422 ad-

1630 1442 1896 1501 versitate
1952 1440 2286 1499 liberentur.
2401 1440 2517 1509 Qui
2575 1442 2715 1500 vivis
2776 1451 2842 1502 et

1630 1540 1694 1579 re
1736 1539 1836 1578 nas
1862 1539 1988 1577 cum
2016 1518 2143 1578 Deo
2170 1517 2342 1578 Patre
2368 1517 2430 1576 in
2455 1519 2695 1579 unitate.

1822 1597 1901 1656 tio
1926 1596 2121 1654 Esaioe
2139 1596 2477 1675 Prophetae!

1710 1676 1856 1734 Haec
1893 1675 2033 1734 dicit
2072 1674 2349 1734 Dominus
2393 1676 2550 1734 Deus
2566 1696 2584 1747 ;
2652 1673 2836 1755 Egre-

1629 1753 1822 1813 dietur
1856 1753 2018 1845 virga
2046 1752 2119 1811 de
2158 1753 2348 1811 radice
2386 1752 2430 1812 J
2432 1774 2585 1826 esse:
2629 1762 2690 1813 et
2727 1755 2835 1814 flos

1628 1832 1702 1890 de
1721 1830 1910 1890 radice
1927 1849 2047 1910 eJus
2066 1831 2348 1889 ascendet.
2428 1830 2510 1890 Et
2524 1852 2558 1889 r
2626 1831 2836 1892 uiescet

1628 1929 1801 1988 super
1826 1929 1955 1968 eum
1995 1907 2236 1999 Spiritus
2274 1908 2544 1967 Domini:
2629 1910 2834 1988 piritus

1626 1987 1924 2079 sapientise
1949 1993 2010 2045 et
2049 1984 2387 2058 mtellectus,
2417 1988 2663 2066 Spiritus
2700 2009 2835 2047 con-

1626 2065 1738 2125 sihi
1789 2074 1850 2124 et
1892 2064 2259 2136 fortitudiniS‚
2314 2066 2558 2143 Spiritus
2582 2066 2833 2126 scientiae

1627 2153 1689 2203 et
1729 2142 1975 2222 pietatis,
2012 2150 2073 2202 et
2113 2140 2359 2220 replebit
2398 2163 2528 2202 eum
2583 2144 2832 2222 Spiritus

1627 2222 1849 2281 timoris
1887 2220 2159 2281 Domini:
2200 2240 2317 2278 non
2357 2222 2662 2280 secundum
2701 2222 2833 2279 visi-

1630 2318 1797 2358 onem
1843 2297 2126 2358 oculorum
2163 2297 2455 2377 judicabit,
2512 2319 2697 2376 neque
2743 2320 2831 2359 se·

1627 2377 1874 2436 cundum
1907 2377 2165 2436 auditum
2202 2378 2424 2435 aurium
2448 2388 2682 2456 arguet:
2730 2380 2832 2437 sed

1616 2455 1897 2535 judicabit
1921 2454 1980 2512 in
1995 2454 2217 2535 justitia
2230 2474 2521 2534 paupere8‚
2551 2461 2611 2514 et
2629 2467 2833 2534 arguet

1628 2536 1691 2592 in
1732 2533 2000 2611 aequitate
2040 2553 2147 2611 pro
2185 2533 2493 2592 mansuetis
2518 2540 2729 2593 terrae:
2770 2544 2832 2594 et

1628 2611 1909 2748 ffrcutiet
1928 2617 2141 2669 terram
2152 2610 2312 2690 virga
2320 2612 2432 2669 oris
2443 2611 2546 2683 sui,
2561 2619 2621 2669 et
2629 2612 2831 2690 spiritu

1683 2690 1905 2749 biorum
1951 2708 2180 2747 suorum
2219 2689 2529 2748 interficiet
2568 2690 2829 2767 impium.

1628 2767 1709 2826 Et
1761 2768 1874 2827 erit
1917 2767 2145 2845 justitia
2184 2766 2467 2844 cingulum
2508 2766 2832 2826 lumborum

1628 2847 1781 2924 ejus:
1810 2852 1871 2905 et
1894 2844 2039 2904 fides
2064 2844 2395 2904 cinctorium
2420 2864 2624 2903 renum
2651 2845 2790 2925 ejus.

1717 2921 2004 2980 Gradale.

1699 3000 1934 3056 Ostende
1956 2999 2126 3068 nobis,
2146 2997 2390 3068 Domine,
2415 2998 2832 3055 misericordiam

1626 3075 1780 3127 tuam
1809 3090 1821 3126 :
1858 3074 1914 3126 et
1937 3069 2171 3124 salutare
2193 3074 2351 3123 tuum
2375 3070 2446 3124 da
2468 3070 2638 3125 nobis.

1638 3141 1844 3195 Versus.
1939 3138 2288 3208 Benedixisti‚
2337 3139 2583 3210 Domine,
2631 3146 2834 3196 terram

1626 3216 1811 3267 tuam:
1846 3209 2088 3266 avertisti
2109 3227 2173 3264 ca
2210 3210 2479 3266 tivitatem
2501 3210 2719 3268 Jacobs

1702 3283 2010 3360 Repetatur
2036 3279 2125 3339 Gr
2231 3280 2307 3339 Ie.

1703 3359 2023 3421 Secundum
2048 3357 2319 3418 Ducam.¹²

1708 3437 1782 3495 In
1821 3436 1919 3496 illo
1956 3444 2234 3514 tempore,
2272 3436 2603 3528 Exsurgens
2639 3434 2835 3497 Maria

1625 3514 1767 3576 abiit
1791 3514 1852 3574 in
1880 3523 2150 3574 montana
2186 3535 2315 3574 cum
2353 3514 2731 3587 festmatione,
2766 3516 2830 3574 in

1625 3593 1911 3653 civitatem
1963 3591 2006 3652 J
2008 3593 2154 3664 uda:
2224 3600 2284 3651 et
2333 3592 2570 3650 intravit
2619 3592 2681 3650 in
2728 3593 2833 3652 do·

1627 3690 1783 3729 mum
1811 3669 2118 3743 Zachariae,
2139 3678 2199 3730 et
2223 3669 2487 3729 salutavit
2505 3670 2829 3730 Elizabeth.

1624 3749 1705 3810 Et
1734 3748 1945 3810 factum
1972 3756 2077 3822 est,
2105 3755 2170 3807 ut
2193 3748 2409 3807 audivit
2434 3747 2831 3808 salutationem

1623 3827 1834 3887 Mariae
1866 3825 2186 3899 Elizabeth,
2223 3825 2499 3886 exultavit
2538 3824 2725 3885 infans
2768 3827 2830 3885 in

1625 3914 1792 3985 utero
1842 3906 1895 3965 e'
1934 3925 2003 3965 s:
2072 3912 2133 3964 et
2183 3904 2404 3984 repleta
2456 3912 2543 3963 est
2607 3904 2831 3983 Spiritu

1625 3982 1833 4043 Sancto
1911 3982 2196 4042 lizabeth:
2252 3990 2311 4042 et
2337 3981 2670 4041 exclamavit
2695 4003 2832 4042 voce

1625 4081 1831 4143 magna
1870 4068 1931 4121 et
1968 4061 2156 4121 dixit:
2211 4060 2525 4120 Benedicta
2566 4069 2631 4120 tu
2675 4061 2833 4120 inter

1629 4239 1653 4267 e
1689 4228 1836 4283 deest
1857 4227 1917 4310 in
1940 4227 2027 4282 26.

1626 4301 1655 4417 f:
1680 4298 2005 4424 ffffx‘xss.
2020 4296 2266 4440 (5333)
2265 4368 2312 4435 7,
2342 4365 2416 4438 1.)

1626 4440 1656 4480 ¹²
1691 4455 1804 4513 cap.
1830 4438 1866 4493 i.
1895 4437 1957 4493 D.
1986 4437 2058 4511 (v.
2087 4436 2304 4508 39-47.)
