2975 5009
276 195 405 263 571

275 366 400 427 Vos
426 367 563 429 estis
589 368 881 429 catholicae
907 369 1049 462 legis
1074 380 1445 451 protectore-e,

352 445 437 505 sal
456 455 655 521 terrae,
676 447 778 507 lux
795 447 1113 524 hominum,
1143 452 1331 512 ovium
1353 474 1482 534 pas·

429 533 604 598 tores,

349 604 500 662 muri
527 604 731 664 domus
772 605 975 679 Israel,
1004 627 1231 667 morum
1259 631 1480 671 correc-

342 691 875 838 judiizleisifflcclesiae,
903 764 1167 842 gentium
1194 766 1475 827 doctores.

266 851 329 912 Si
356 853 521 911 cadat
548 854 826 933 protectio
850 853 1011 933 legis,
1039 854 1137 916 lex
1162 854 1387 917 labetur
1414 880 1431 932 3

341 931 390 990 si
417 930 499 989 sal
526 933 842 1004 evanuerit,
868 933 930 992 in
958 953 1071 1025 quo
1096 934 1331 996 salietur
1352 939 1377 997 3

342 1009 452 1068 nisi
479 1010 581 1068 lux
606 1019 898 1090 appareat,
926 1032 1017 1071 v1a
1043 1014 1364 1075 nescietur:

342 1088 450 1146 nisi
475 1098 668 1167 pastor
700 1090 919 1170 vigilet,
948 1090 1094 1151 ovile
1118 1092 1436 1174 frangetur.

263 1177 388 1237 Vos
413 1180 613 1239 existis
640 1181 862 1240 vineam
894 1182 1004 1241 Dei
1022 1202 1370 1319 (propagare,

338 1276 508 1334 quam
521 1259 797 1320 doctrinae
813 1259 1008 1320 rivulis
1064 1264 1243 1322 ebetis
1261 1266 1466 1344 rigare,

338 1336 527 1415 spinas
567 1348 737 1415 atque
779 1338 1019 1399 tribulos
1054 1341 1252 1420 procul
1287 1344 1466 1403 extir-

339 1502 406 1552 ut
416 1434 649 1554 {2253OE
679 1494 813 1555 fidei
841 1497 1060 1575 possint
1084 1499 1427 1577 germinare.

259 1583 382 1644 Vos
409 1586 544 1645 estis
579 1587 639 1644 in
667 1607 800 1646 area
825 1590 993 1647 boves
1020 1590 1381 1662 triturantes,

334 1665 647 1743 prudenter
665 1686 702 1724 a
726 1666 889 1758 palea
912 1688 1095 1745 grana
1112 1681 1459 1761 separantes.

332 1762 429 1801 vos
468 1742 686 1803 habent
723 1766 783 1802 ιη
811 1745 1035 1823 speculo
1074 1747 1259 1826 legem
1300 1768 1461 1828 igno-

329 1830 809 1981 Mffgffimgsses
826 1910 959 1960 sunt
974 1912 1034 1961 et
1050 1902 1455 1965 inconstantes.

247 1990 527 2069 Quicquid
554 1992 752 2052 vident
776 1991 905 2053 laici
931 1994 1088 2054 vobis
1114 1994 1416 2075 displicere

324 2070 432 2128 sibi
459 2070 654 2148 procul
677 2072 849 2132 dubio
876 2072 1074 2132 dicunt
1099 2093 1214 2132 non
1240 2073 1430 2135 licere.

323 2149 588 2282 quiclquid
621 2170 719 2208 vos
750 2151 812 2207 in
846 2169 1016 2230 opere
1041 2151 1242 2211 vident
1267 2154 1449 2212 adim-

319 2246 560 2362 orgi-‘iiii
580 2324 700 2364 esse
727 2304 944 2362 licitum
963 2314 1021 2363 et
1047 2304 1214 2385 culpa
1231 2327 1443 2368 carere.

244 2472 273 2502 ⁸
292 2462 439 2535 sorte
460 2464 623 2519 acuti.

235 2630 552 2685 Divinitatis
586 2631 870 2704 participes
904 2632 1173 2704 efficimur,
1210 2641 1275 2689 ut
1305 2635 1443 2690 mihi

234 2702 490 2757 concedas
536 2703 763 2758 virtutes
809 2709 932 2758 tuas
978 2712 1201 2774 sanctas,
1247 2706 1444 2776 quibus

233 2774 482 2845 repletus,
499 2774 643 2829 bona
658 2773 984 2830 conscientia
1006 2776 1076 2830 ad
1094 2776 1264 2831 altare
1282 2783 1441 2831 tuum

232 2846 494 2914 accedam,
516 2846 596 2900 ita
619 2852 683 2899 ut
705 2845 823 2901 haec
846 2855 1181 2901 sacramenta
1203 2848 1441 2904 coelestia

233 2914 529 2970 efficiantur
554 2917 686 2969 mihi
712 2916 857 2970 salus
882 2922 938 2970 et
965 2917 1093 2971 vita.
1187 2918 1267 2971 Tu
1292 2919 1439 2973 enim

232 2985 415 3040 dixisti
441 3004 531 3041 ore
554 2993 649 3041 tuo
667 2994 853 3042 sancto
876 2993 931 3041 et
955 2988 1249 3057 benedicte,
1272 2989 1440 3044 Panis

231 3072 391 3125 quem
416 3074 513 3125 ego
547 3058 685 3112 dabo
708 3076 830 3112 caro
866 3075 986 3112 mea
1008 3065 1089 3113 est
1124 3076 1219 3130 pro
1243 3060 1436 3114 mundi

230 3127 376 3193 vita;
430 3127 535 3192 Qui
572 3129 866 3183 manducat
903 3147 990 3183 me
1030 3131 1174 3184 vivet
1219 3148 1314 3202 pro
1353 3138 1436 3185 ter

229 3214 348 3263 me;
387 3198 511 3269 Ipse
525 3206 710 3253 manet
724 3199 782 3252 in
807 3217 894 3254 me
917 3206 973 3254 et
996 3218 1092 3272 ego
1115 3202 1174 3254 in
1200 3219 1261 3256 eo
1282 3221 1294 3268 ;
1314 3149 1435 3285 &go

228 3284 350 3320 sum
382 3269 538 3339 panis
567 3269 721 3324 vivus
749 3270 843 3339 qui
881 3270 949 3325 de
980 3272 1113 3326 coelo
1151 3273 1429 3340 descend1;

227 3337 284 3392 Si
320 3340 441 3408 quis
464 3340 865 3395 manducaverit
889 3359 956 3395 ex
980 3342 1079 3396 hoc
1108 3360 1262 3413 pane,
1289 3343 1434 3398 vivet

225 3407 284 3461 in
334 3416 616 3464 aeternum.
714 3411 880 3465 Panis
927 3411 1249 3480 dulcissime,
1300 3430 1433 3469 sana

224 3479 468 3549 palatum
509 3482 680 3535 cordis
722 3482 843 3550 mei,
882 3492 947 3533 ut
987 3482 1218 3535 sentiam
1255 3486 1428 3537 suavi-

223 3556 390 3604 tatem
433 3551 629 3606 amoris
669 3552 768 3604 tui.
859 3550 1004 3605 Sana
1040 3569 1141 3621 me,
1181 3550 1425 3624 Domine,

222 3622 292 3674 ab
316 3621 465 3675 omni
499 3621 772 3692 languore,
800 3626 865 3674 ut
898 3621 1108 3675 nullam
1144 3628 1339 3692 praeter
1372 3632 1428 3680 te

220 3692 450 3746 sentiam
485 3691 838 3759 dulcedinem,
877 3690 1091 3744 nullum
1135 3697 1330 3762 praeter
1369 3702 1425 3750 te

217 3778 458 3831 quaeram
476 3779 724 3830 amorem,
742 3760 954 3815 nullam
969 3768 1166 3833 praeter
1179 3768 1233 3816 te
1247 3780 1423 3820 amem

219 3832 696 3903 pulchritudinem.

290 3903 456 3957 Panis
490 3901 879 3969 candidissime,
907 3900 1111 3956 habens
1138 3920 1298 3959 omne
1329 3906 1418 3961 de·

214 3972 600 4028 lectamentum
625 3978 681 4026 et
715 3989 930 4026 omnem
967 3991 1207 4045 saporem
1243 3977 1418 4031 suavi·

213 4044 358 4113 tatis„
384 4044 478 4114 qui
504 4060 601 4097 nos
619 4043 685 4097 de
700 4049 754 4097 te
777 4060 886 4097 sem
957 4061 985 4097 r
1007 4046 1177 4099 reficis
1200 4052 1255 4100 et
1277 4047 1337 4100 in
1363 4053 1418 4102 te

212 4131 493 4185 nunquam
518 4114 712 4183 deficis,
738 4131 853 4168 com
922 4122 980 4170 at
1016 4127 1070 4171 te
1092 4134 1182 4171 cor
1216 4135 1413 4189 meum,

211 4285 234 4310 ¹·-
263 4280 497 4328 praesentia
521 4281 728 4329 potentiae
743 4284 847 4333 tuae,
863 4284 916 4322 ut
931 4282 1041 4325 foris
1057 4287 1102 4325 et
1126 4283 1247 4324 intus
1264 4284 1415 4325 muni-

208 4330 651 4426 ῗηνὶέξῑξὶξίῖεῗίέιιω
677 4382 911 4423 tradideris
936 4394 1122 4433 regnum
1148 4383 1257 4441 Deo·
1271 4384 1411 4433 Patri,

208 4427 253 4463 et
271 4424 391 4464 Deus
407 4428 490 4467 erit
507 4429 658 4470 omnia
685 4430 734 4472 in
759 4432 978 4474 omnibus.
1038 4434 1164 4473 Tunc
1189 4443 1309 4472 emm
1336 4446 1408 4473 me

997 215 1372 267 ch'rAMEN
1405 218 1619 268 BEA'I'I
1652 218 2027 272 AUGUSTIN
2033 224 2078 271 Ι.

2693 216 2818 283 572

1600 376 1746 436 Cum
1775 385 2032 456 pastores
2058 380 2249 438 ovium
2275 382 2402 442 sitis
2425 384 2728 446 constituti

1677 475 1796 514 non
1824 464 2006 517 estote
2032 458 2258 519 desides
2285 462 2428 521 sicut
2452 482 2626 523 canes
2655 469 2813 527 muti.

1676 534 1835 594 vobis
1862 554 1977 594 non
1994 537 2265 598 deficiant
2289 538 2534 600 latratus
2559 545 2818 619 ⁸veriti,⁸

1674 611 1840 692 lupus
1868 634 2047 693 rapax
2074 616 2295 677 invidet
2321 621 2512 677 ovium
2540 620 2736 681 saluti.

1597 702 1763 763 Grex
1792 703 1980 765 fidelis
2007 707 2222 786 duplici
2249 708 2375 769 cibo
2400 712 2759 787 sustinetur;

1671 802 1910 862 corpore
1929 787 2244 860 Dominico,
2255 808 2368 866 quo
2383 789 2534 849 salus
2551 801 2807 871 augetur,

1670 862 1950 1000 sergnpplis
1989 866 2342 944 compendio,
2368 869 2526 947 quod
2569 872 2807 932 discrete

1669 961 1963 1078 manedan'o
1988 1020 2199 1081 cibario
2226 1043 2300 1083 ne
2341 1026 2723 1103 periclitetur.

1589 1112 1618 1153 b
1637 1110 1855 1169 Ovibus
1880 1110 2207 1171 teneminib
2230 1118 2436 1176 vestris
2465 1119 2800 1196 praedicare,

1665 1189 1783 1325 sed1
1783 1190 1940 1268 quid,
1958 1192 2183 1268 quibus,
2202 1193 2467 1271 qualiter,
2484 1197 2610 1271 ubi,
2627 1218 2798 1276 quan-

1663 1286 2148 1430 debgtiglslgll‘icite
2175 1351 2667 1429 praeconsiderare
2686 1378 2702 1427 ;

1662 1444 1736 1483 ne
1762 1423 1888 1503 quis
1914 1427 1976 1484 in
2003 1428 2189 1487 officio
2216 1429 2368 1489 dicat
2394 1451 2496 1490 vos
2524 1454 2740 1494 errare.

1583 1513 1812 1594 Spectat
1836 1518 1910 1575 ad
1937 1518 2187 1578 officium
2217 1530 2422 1580 vestrae
2447 1524 2770 1603 dignitatis,

1656 1595 1862 1674 gratiae
1892 1598 2218 1675 petentibus
2246 1600 2399 1658 dona
2423 1601 2574 1662 dare
2598 1606 2793 1683 gratie,

1657 1693 1763 1733 nec
1787 1675 2048 1753 cuiquam
2078 1676 2213 1736 fidei
2243 1699 2487 1738 munera
2514 1683 2790 1756 vendatis,

1655 1752 1978 1811 incursuros
2010 1758 2278 1835 gregibus
2306 1757 2467 1836 lepra
2494 1780 2596 1818 vos
2624 1760 2789 1820 fiatis.

1579 1842 1776 1903 Gratis
1804 1844 2200 1905 eucharistiam
2229 1847 2384 1927 plebi
2411 1849 2758 1926 ministrate,

1649 1923 1827 2002 gratis
1846 1924 2224 2018 confitemini,
2250 1927 2431 2020 gratis
2460 1930 2785 2024 baptizate-3

1649 2011 1716 2061 ut
1780 2011 1962 2080 gratis
2014 2014 2331 2084 accep1stls,
2383 2026 2466 2066 sic
2511 2017 2575 2068 et
2614 2018 2789 2088 gratis

1645 2081 1857 2217 mlffie
1867 2126 1925 2217 i’d
1965 2161 2118 2238 quod
2158 2161 2334 2226 fuerit
2361 2171 2618 2224 vestrum
2653 2185 2782 2225 con-

1720 2247 1957 2298 servate.

1559 2461 1586 2499 b
1624 2463 1831 2529 Quibus
1858 2470 1912 2519 te
1937 2464 2158 2521 nemini.
2190 2467 2443 2539 (correxit
2465 2468 2531 2524 B.
2556 2468 2668 2540 W·)

1558 2634 1614 2682 et
1628 2628 1911 2712 dulcedine
1929 2632 2130 2705 saporis
2149 2632 2232 2687 tui
2248 2634 2563 2706 repleantur
2577 2636 2775 2692 viscera

1557 2717 1757 2756 ammae
1782 2719 1931 2758 meae.

1627 2770 1926 2827 Manducat
1973 2778 2028 2828 te
2075 2773 2303 2845 angelus
2360 2776 2528 2847 pleno
2573 2794 2662 2832 ore
2708 2778 2768 2831 in

1555 2842 1767 2912 patria;
1821 2844 2110 2898 manducet
2149 2854 2203 2900 te
2252 2848 2570 2918 peregrinus
2607 2849 2767 2904 homo

1554 2929 1650 2982 pro
1675 2914 1891 2967 modulo
1915 2932 2026 2983 suc,
2045 2933 2113 2969 ne
2138 2916 2361 2972 deficere
2383 2919 2554 2989 possit
2577 2919 2636 2972 in
2660 2920 2765 2989 via,

1553 2982 1653 3036 tali
1676 2990 1943 3038 recreatus
1966 2986 2176 3041 viaticO.

1623 3053 1789 3108 Panis
1808 3062 2004 3124 sancte,
2026 3058 2181 3127 panis
2195 3056 2328 3125 vive,
2344 3058 2505 3129 panis
2522 3059 2756 3131 pulcher,

1621 3125 1708 3178 nis
1730 3127 1946 3194 munde,
1974 3128 2069 3196 qui
2104 3128 2424 3183 descendisti
2458 3131 2528 3185 de
2551 3131 2684 3187 coelo
2706 3140 2760 3186 et

1585 3212 1644 3248 as
1667 3194 1834 3250 vitam
1860 3198 2079 3265 mund0,
2107 3199 2234 3252 veni
2269 3199 2329 3252 in
2352 3217 2442 3254 cor
2477 3219 2676 3271 meum,
2703 3210 2757 3256 et

1547 3267 1754 3320 munda
1777 3284 1864 3321 me
1883 3269 1952 3322 ab
1975 3268 2124 3322 omni
2148 3269 2565 3342 inquinamento
2583 3273 2755 3327 carnis

1546 3341 1601 3389 et
1648 3337 1881 3408 spiritus.
1971 3338 2130 3393 Intra
2169 3341 2229 3392 in
2272 3341 2514 3396 animam
2558 3361 2747 3412 meam,

1545 3423 1679 3462 sana
1701 3415 1756 3462 et
1779 3410 2054 3463 sanctifica
2071 3427 2158 3463 me
2181 3410 2410 3465 interius
2426 3418 2483 3466 et
2501 3415 2747 3468 exterius.

1543 3476 1672 3531 Esto
1708 3484 1956 3534 tutamen
1991 3486 2046 3533 et
2081 3488 2338 3552 perpetua
2360 3483 2508 3537 salus
2542 3491 2601 3538 et
2635 3502 2748 3556 pro·

1542 3549 1703 3604 tectio
1726 3550 1956 3621 corporis
1979 3557 2034 3604 et
2064 3552 2265 3606 animae
2290 3570 2440 3607 meae.
2528 3554 2746 3627 Repelle

1540 3635 1575 3671 a
1600 3637 1685 3673 me
1720 3620 2038 3675 insidiantes
2063 3622 2201 3674 mihi
2235 3623 2446 3689 hostes;
2495 3627 2746 3680 recedant

1539 3690 1724 3760 procul
1759 3690 1795 3724 ‘³‘
1817 3709 1852 3745 a
1892 3692 2137 3762 potentia
2173 3694 2477 3764 praesentiae
2515 3701 2642 3766 tuae,
2683 3701 2745 3750 ut

1538 3765 1636 3813 tua
1659 3762 1985 3832 protectione
2017 3762 2145 3816 foris
2167 3770 2223 3817 et
2257 3764 2409 3819 intus
2443 3767 2743 3836 munitus,*

1535 3837 1679 3885 recto
1721 3832 1938 3886 tramite
1975 3834 2044 3886 ad
2085 3850 2315 3905 regnum
2357 3841 2518 3890 tuum
2560 3853 2735 3909 perve-

1535 3900 1700 3971 niam,
1746 3904 1840 3958 ubi
1881 3920 1993 3957 non
2028 3905 2312 3976 mysteriis,
2355 3907 2499 3962 sicut
2535 3908 2597 3961 in
2641 3908 2741 3962 hoc

1534 3976 1770 4043 tempore
1805 3973 2001 4043 agitur,
2039 3975 2131 4029 sed
2169 3975 2305 4031 facie
2341 3978 2413 4032 ad
2454 3977 2647 4034 faciem
2685 3986 2738 4033 te

1530 4041 1567 4111 †
1592 4044 1817 4113 videam,
1845 4045 2084 4116 Amen.†

1529 4282 1583 4323 de
1614 4285 1658 4323 te
1706 4283 1891 4324 satiabis
1924 4285 2129 4325 satietate
2168 4284 2375 4335 mirifica,
2405 4285 2471 4327 ita
2508 4289 2562 4326 ut
2591 4297 2731 4346 nequo

1527 4334 1720 4373 esuriam
1746 4344 1888 4383 neque
1931 4333 2084 4374 sitiam
2126 4334 2174 4373 in
2211 4337 2445 4375 aeternum.
2509 4336 2595 4381 Qui
2626 4346 2735 4375 vim

1526 4385 1572 4421 et
1608 4394 1769 4432 regnas
1801 4384 1920 4423 Deus
1963 4393 2043 4434 per
2084 4384 2237 4423 omnia
2265 4386 2429 4425 soecula
2461 4386 2737 4427 seculorum.

1526 4432 1833 4473 Amnum-MS.
