2975 5009
277 238 407 307 587

352 416 383 446 ⁸
397 407 675 483 Dictoque
704 401 958 463 Gradali
985 399 1257 478 Alleluya
1274 402 1360 459 vel
1388 400 1490 461 Se-

275 488 506 567 quentia
523 486 607 543 vel
626 484 840 542 Tractu
856 502 894 538 a
909 480 1187 539 sacerdote
1206 480 1486 557 privatim

272 588 402 626 cum
444 565 564 622 suis
610 560 914 631 ministris,
958 558 1208 635 accipiat
1251 558 1483 616 subdia-

273 664 442 704 conus
471 661 685 720 panem
711 647 762 697 et
801 638 1003 695 vinum
1027 644 1079 694 et
1118 655 1330 712 aquam
1356 656 1485 694 cum

271 723 465 793 calice,
492 727 544 778 et
569 740 636 778 ea
667 723 956 795 praeparet
982 714 1062 773 ad
1094 713 1487 771 Eaeoehao-iatiae

270 798 749 861 ministrationem
782 816 807 866 ;
873 791 1252 851 benedictione
1306 791 1480 868 prius

273 899 436 957 aquoe
487 897 525 935 a
576 874 856 934 sacerdote
911 871 1097 948 petita
1146 870 1247 927 hoc
1297 869 1480 942 modo,

275 954 646 1027 Benedicite3
712 952 797 1010 sic
838 948 1166 1026 respondeat
1209 948 1481 1020 sacerdos,

273 1035 570 1094 Dominus.
670 1031 766 1089 Ab
812 1047 881 1087 eo
922 1028 999 1086 sit.
1045 1025 1361 1095 benedicta,
1407 1027 1481 1085 de

271 1116 431 1194 cujus
482 1110 663 1170 latere
710 1107 890 1167 exivit
931 1105 1159 1184 sanguis
1204 1112 1265 1162 et
1316 1124 1481 1182 aqua.

271 1195 350 1253 In
374 1191 605 1249 nomine
633 1186 823 1248 Patris
850 1184 950 1243 ὥσ.

356 1267 624 1329 Sacerdos
650 1285 775 1324 vero
800 1261 1034 1322 interim
1056 1258 1242 1318 sedeat
1267 1256 1334 1317 in
1357 1258 1481 1317 sede

273 1359 433 1485 mg
459 1424 585 1502 fine
629 1440 757 1479 vero
797 1415 1075 1477 Gradalis
1114 1414 1202 1473 vel
1241 1414 1481 1473 Tractus

273 1506 358 1565 vel
396 1500 662 1576 Alleluya
698 1498 784 1556 vel
822 1494 1150 1572 Sequentioe,
1178 1493 1375 1550 chorus
1402 1492 1481 1550 ad

274 1584 477 1644 Altare
492 1601 547 1638 se
565 1577 800 1636 inclinet
817 1582 1117 1650 antequam
1135 1571 1214 1627 ad
1231 1572 1481 1628 lectorem

274 1658 582 1735 Evanqelii
606 1677 661 1714 se
686 1661 883 1723 vertat,
909 1660 960 1709 et
1000 1650 1079 1707 ad
1122 1648 1323 1709 Gloria
1352 1649 1477 1721 tibi,

276 1740 544 1808 Domine,
583 1753 798 1810 semper
838 1731 917 1788 acl
957 1727 1163 1786 Altare
1204 1747 1259 1785 se
1301 1734 1480 1785 vertat

275 1819 441 1877 lector
458 1810 788 1887 Evanqelii,
809 1817 859 1867 et
885 1808 1057 1866 etiam
1083 1825 1267 1863 omnes
1288 1805 1481 1863 clerici

273 1910 770 2048 affluam&
787 1883 1375 2033 ῗὲθᾝέἱαὲἴέῗιὲἕι
1400 1882 1481 2018 3

275 2051 474 2109 Gloria
497 2052 558 2107 in
596 2044 849 2116 excelsis,
878 2041 1104 2119 quando
1144 2039 1361 2097 dicitur
1403 2038 1479 2096 In

275 2129 473 2188 Gloria
500 2126 609 2185 Dei
636 2124 843 2191 Patris,
869 2124 1081 2188 Amen,
1104 2117 1252 2174 etad
1282 2115 1482 2175 Gloria

272 2207 400 2279 tibi,
456 2203 721 2271 Domine,
779 2207 830 2257 et
873 2204 1003 2274 post
1057 2196 1296 2253 sanetus
1350 2214 1478 2251 cum

274 2286 491 2343 dicitur
536 2279 880 2339 Benedictus
933 2273 1028 2350 qui
1078 2270 1253 2341 venit,
1302 2278 1353 2328 et
1400 2272 1482 2328 ad

275 2361 643 2438 inceptionem
686 2355 871 2416 Credo
896 2353 959 2409 in
987 2368 1162 2406 unum
1202 2368 1482 2425 quousque

274 2442 471 2499 chorus
513 2442 738 2496 cantet:
792 2438 843 2489 et
888 2430 1094 2495 iterum
1147 2427 1226 2483 ad
1271 2426 1482 2484 Altarc

275 2527 359 2577 ter
396 2516 647 2584 inclinet,
688 2509 898 2569 scilicet
937 2507 1076 2564 dum
1110 2504 1328 2562 dicitur
1366 2505 1480 2562 hoec

275 2594 551 2664 clausula,
582 2593 663 2652 Et
691 2590 1015 2648 incarnatus
1043 2594 1128 2643 est
1154 2585 1228 2642 de
1255 2581 1295 2640 S
1336 2581 1477 2641 iritu

275 2674 481 2733 Sancto
508 2693 583 2730 ex
621 2669 813 2728 Maria.
847 2664 1088 2743 virgine,
1115 2682 1171 2719 se
1358 2704 1373 2733 ,
1403 2660 1485 2719 Et

276 2754 449 2813 homo
510 2750 689 2809 factus
753 2755 860 2817 est,
913 2742 1095 2813 tertio,
1161 2740 1482 2800 Crucifixus

276 2833 448 2891 etiam
487 2849 592 2909 pro
618 2825 778 2885 nobis
804 2825 910 2883 sub
946 2820 1155 2880 Pontio
1196 2817 1399 2888 Pilato,
1429 2824 1481 2875 et

276 2912 343 2969 in
369 2912 492 2985 fine
523 2926 651 2966 cum
681 2904 918 2972 dicitur„
943 2899 1023 2958 Et
1049 2897 1222 2956 vitam
1255 2895 1479 2955 venturi

276 2988 481 3057 saeculi,
503 2987 714 3043 Amen.
769 2979 996 3038 Abhinc
1014 2995 1292 3053 quousque
1306 2973 1483 3031 etiam

274 3067 564 3124 inchoetur
586 3059 950 3138 Offertorium
969 3064 1020 3113 et
1036 3062 1164 3132 post
1196 3052 1484 3129 Offertori·

275 3166 376 3202 um
391 3162 668 3221 quousque
688 3137 1030 3215 compleatur
1048 3141 1224 3190 totum
1240 3130 1485 3207 officium

276 3224 478 3293 missos,
522 3221 669 3277 hunc
722 3224 935 3293 qestum
975 3213 1173 3271 chorus
1226 3208 1485 3267 imitetur

278 3301 436 3359 omni
470 3297 619 3375 festo
657 3316 765 3373 per
810 3311 1043 3351 annum.
1146 3289 1265 3346 Per
1306 3294 1483 3344 totum

278 3388 465 3437 autem
512 3375 841 3432 Adventum
880 3390 995 3428 non
1032 3366 1251 3425 dicitur
1287 3363 1485 3422 Gloria

276 3457 337 3515 in
359 3453 612 3524 excelsis,
632 3453 700 3509 de
719 3466 1040 3527 quocunque
1054 3442 1273 3501 dicitur
1286 3442 1482 3513 missa,

276 3556 375 3594 nec
402 3555 440 3591 a
471 3527 895 3608 Septuaqesima
920 3541 1092 3599 usque
1112 3518 1190 3576 ad
1216 3518 1482 3594 viqiliam

280 3612 537 3671 Paschae.

356 3690 478 3749 His
509 3688 699 3762 itaque
723 3677 985 3761 peractis,
996 3674 1264 3753 factoque
1287 3672 1482 3748 siqua-

276 3868 308 3898 ⁸
339 3874 452 3913 non
475 3854 682 3910 habens
702 3848 788 3903 92.
816 3843 903 3899 94,
929 3843 1017 3898 97.
1043 3840 1130 3894 98.

274 4009 311 4042 ὓ
348 4006 465 4059 Has
499 4005 655 4055 notas
689 3994 1013 4052 correximus
1047 3988 1339 4045 secundum
1374 3987 1483 4042 duo

278 4095 347 4134 ex
370 4070 768 4142 antiquioribus
791 4063 1132 4130 editionibus,
1161 4059 1296 4131 (scil.
1323 4058 1395 4111 H.
1424 4063 1481 4112 et

278 4148 364 4203 94.
386 4162 510 4216 quae
532 4143 675 4196 inter
692 4157 748 4193 se
771 4137 879 4192 fere
904 4149 1110 4206 semper
1132 4129 1478 4200 concordant)

278 4218 475 4287 quibus
511 4210 777 4266 consentit
800 4206 1018 4261 Missale
1049 4201 1476 4271 manuscriptum

278 4283 643 4354 Vigorniense.
678 4280 749 4332 In
763 4278 1028 4350 plerisque
1039 4272 1194 4327 libris
1211 4270 1478 4342 impressis

281 4355 457 4409 haecce
482 4352 747 4406 Dominus
780 4350 1036 4403 vobiscum
1060 4350 1115 4400 et
1144 4342 1364 4397 Oremus
1382 4355 1476 4393 no-

1145 243 1619 297 ORDIRARIUM
1671 248 1927 299 MISSAE.

2683 226 2806 297 588

1598 405 1724 465 culo
1782 405 1967 465 crucis
2017 404 2087 463 in
2130 402 2294 480 faeie
2343 421 2473 474 sua,
2522 409 2704 461 vertat
2749 424 2802 460 se

1596 485 1851 543 sacerdos
1890 484 1970 541 ad
1993 483 2295 561 populum,
2322 479 2658 558 elevatisque
2695 481 2803 538 ali-

1597 563 1937 639 quantulum
1973 561 2219 619 brachiis
2253 560 2584 638 junctisque
2621 559 2801 618 mani-

1599 642 1717 715 bus,
1744 641 1902 700 dicat
1927 641 2029 699 hoc
2054 639 2220 697 modo
2245 638 2384 696 :--*

1666 804 2399 925 Q

1711 961 1997 1023 Dominus
2025 960 2328 1021 vobiscum.

1674 1118 1756 1177 Et
1782 1119 1979 1177 chorus
2004 1114 2349 1194 respondeat,

1677 1196 1757 1256 Et
1783 1217 1911 1255 cum
1939 1195 2147 1274 spiritu
2174 1203 2291 1252 tuo.

1594 1277 1695 1335 sub
1735 1277 1923 1333 eodem
1965 1282 2110 1332 tono.
2189 1273 2271 1331 Et
2310 1271 2524 1328 iterwm
2571 1277 2793 1327 revertat

1593 1354 1948 1492 mm
1993 1352 2074 1410 ad
2123 1350 2355 1422 Altare,
2402 1357 2457 1407 et
2501 1349 2663 1407 dicat
2704 1349 2794 1405 hoc

1663 1596 2110 1716 &a

1756 1753 2022 1812 Oremus.

1677 1906 2117 1983 Quotiescunque
2147 1903 2366 1964 dicitur
2389 1904 2679 1963 Dominus
2706 1925 2791 1965 vo-

1594 1986 1807 2046 biscum
1837 1986 1916 2044 ad
1954 1985 2227 2055 Missam,
2253 2004 2468 2061 semper
2492 1984 2595 2040 sub
2620 1984 2789 2042 eodem

1597 2073 1724 2122 tono
1743 2065 1962 2126 dicitur
1984 2063 2256 2121 similiter
2279 2069 2330 2119 et
2358 2063 2646 2134 Oremus3
2684 2061 2791 2118 nisi

1596 2143 1664 2201 in
1717 2142 2164 2219 Proefationibus
2224 2148 2275 2197 et
2325 2140 2448 2197 nisi
2497 2141 2567 2197 in
2616 2139 2787 2197 Missa

1602 2219 1972 2298 Sponsalium
2011 2240 2137 2277 cum
2167 2219 2248 2295 fit
2289 2218 2597 2276 benedictio
2639 2237 2789 2294 super

1596 2320 1624 2357 s
1802 2319 1861 2356 m
1881 2308 1932 2356 et
2122 2317 2217 2353 am
2244 2304 2373 2353 ante
2395 2297 2524 2355 Pax
2550 2294 2786 2354 Domini.

1649 2399 1761 2435 unc
1786 2378 1940 2435 enim
2006 2376 2183 2433 icitur
2207 2373 2291 2432 sic
2317 2381 2367 2431 et
2399 2373 2469 2432 in
2494 2372 2790 2432 emisimili-

1597 2456 1696 2514 bus
1722 2457 1809 2514 ita
1837 2452 2263 2513 determinando
2285 2474 2385 2511 :—

1666 2616 2784 2747 Q

1753 2775 2036 2836 Dominus
2071 2773 2375 2833 vobiscum.
2460 2770 2722 2831 oremus.

1672 2931 1899 3069 Ddeoinde
1929 2930 2146 2989 dieitur
2184 2928 2387 3001 oratio,
2414 2927 2505 2986 sic
2539 2925 2790 2986 determi-

1589 3032 1709 3070 nan
1809 3032 1829 3070 :

1667 3186 2728 3224 *uuum-u*-

1689 3329 1805 3391 Per
1863 3327 2058 3388 omnia
2114 3323 2319 3386 saecula
2391 3319 2779 3398 saeculorum.†

1591 3454 1915 3574 Ξ

1591 3612 1653 3672 A
1679 3644 1705 3657 -
1732 3628 1887 3669 men.

1589 3987 1780 4036 tantur
1825 3980 1964 4033 sicut
2011 3975 2154 4031 infra
2198 3973 2470 4029 habentur
2516 3970 2579 4026 in
2622 3968 2778 4023 mssa

1590 4050 1946 4123 Sponsalium.

1589 4123 1626 4193 †
1662 4122 1731 4174 In
1769 4119 2090 4190 quibusdam
2122 4111 2517 4185 exemplaribus
2573 4128 2646 4164 ese.
2666 4122 2774 4177 qm.

1590 4192 1687 4246 4L.
1733 4200 1788 4246 et.
1832 4190 1941 4261 15.)
1980 4195 2112 4242 nota
2147 4188 2218 4243 A.
2257 4185 2407 4255 (La)
2444 4182 2504 4236 in
2579 4198 2638 4237 oc
2672 4180 2777 4233 loco

1588 4262 1883 4319 invenitur.
