2975 5009
151 251 279 318 473

728 265 1091 316 DOMINICA
1125 267 1406 327 QUINTA
1441 266 1614 317 Posw
1649 267 2123 317 lem'rA'fflM.

2549 250 2679 318 474

712 573 1097 648 Dominica
1161 577 1415 670 quima
1468 587 1632 670 post
1705 576 2138 648 Trinitatem.

235 803 341 861 Ad
367 805 637 862 stlissam.
725 804 1039 882 Officium.³

232 882 482 955 Exaudi,
511 883 779 954 Domine,
806 905 1000 944 vocem
1030 907 1216 944 meam
1255 906 1368 964 qua

163 959 390 1019 clamavi
429 963 504 1020 ad
543 971 624 1033 te,
653 962 878 1040 adjutor
912 984 1073 1023 meus
1115 974 1253 1036 estc,
1295 984 1368 1022 ne

164 1038 521 1117 derelinquas
562 1061 655 1098 me
703 1061 886 1118 neque
932 1043 1205 1122 despicias
1253 1064 1365 1116 me,

168 1117 316 1176 Deus
344 1119 609 1176 salutaris
636 1139 813 1178 meus·

240 1197 561 1254 halmal>

232 1273 501 1328 Dominus
548 1272 877 1329 illuminatio
923 1292 1045 1330 mea
1085 1295 1096 1327 :
1137 1280 1193 1330 et
1226 1276 1373 1342 salus

169 1360 297 1413 mea,
325 1361 489 1414 quem
515 1345 730 1398 timebo,

242 1415 430 1491 Kyrie
459 1415 706 1492 eleyson.

245 1492 470 1551 Oratio.

243 1571 338 1629 Da
366 1572 546 1643 nobis,
568 1591 908 1649 quaesumus,
931 1573 1193 1647 Domine,
1221 1584 1287 1634 ut
1314 1583 1374 1635 et

171 1651 366 1708 mundi
395 1670 590 1708 cursus
619 1651 849 1729 pacifice
872 1652 1032 1711 nobis
1053 1662 1151 1711 tuo
1174 1655 1375 1713 ordine

171 1727 470 1806 dirigatur,
520 1737 578 1787 et
630 1728 864 1789 ecclesia
915 1740 1015 1789 tua
1066 1732 1376 1809 tranquilla

171 1806 467 1866 devotione
494 1805 738 1866 laetetur.
825 1808 941 1867 Per
971 1808 1304 1868 Dominum.

225 1883 446 2019 lLectio
483 1884 762 1963 Epi-stolae
803 1887 950 1944 beati
985 1888 1148 1946 Petri
1183 1895 1374 1967 Apos-

174 1968 223 2019 to
244 1963 315 2021 220

247 2039 561 2114 carissimi,
593 2040 808 2102 Omnes
836 2043 1133 2103 unanimes
1161 2045 1221 2102 in
1252 2065 1373 2103 ora-

175 2117 325 2177 tione
342 2126 543 2190 estote,
560 2123 980 2199 compatientes,
1002 2121 1375 2183 fraternitatis

174 2205 472 2269 amatoreS,
491 2198 900 2271 misericordes,
920 2202 1178 2274 modesti,
1193 2202 1375 2259 humi-

175 2274 284 2333 les:
348 2294 465 2332 non
505 2277 807 2336 reddentes
849 2277 1056 2336 malum
1098 2301 1204 2359 pro
1232 2280 1377 2339 malo

178 2354 261 2412 vel
315 2353 680 2413 maledictum
735 2377 840 2434 pro
906 2358 1223 2431 maledicto,
1278 2359 1377 2418 sed

179 2451 208 2489 e
233 2435 521 2490 contrario
549 2435 943 2494 benedicentes
966 2457 977 2493 ε
1022 2438 1155 2514 quia
1184 2438 1242 2495 in
1270 2437 1377 2497 hoc

179 2511 354 2568 vocati
392 2512 545 2582 estiS,
573 2522 637 2571 ut
676 2515 1127 2574 benedictionem
1154 2515 1378 2575 heredi-

178 2598 291 2647 tate
320 2590 673 2667 possideatis.
755 2593 868 2660 Qui
890 2593 1041 2650 enim
1065 2593 1185 2654 vult
1204 2595 1378 2652 vitam

178 2667 433 2745 diligere,
477 2677 536 2726 et
581 2671 735 2747 cupit
781 2671 973 2730 videre
1017 2671 1137 2732 dies
1186 2675 1378 2744 bonos,

180 2755 431 2804 coerceat
455 2745 707 2825 linguam
734 2769 892 2807 suam
914 2769 948 2806 a
966 2751 1134 2823 male,
1157 2761 1216 2810 et
1235 2750 1381 2810 labia

181 2822 298 2900 ejus
340 2844 416 2882 ne
457 2823 760 2901 loquantur
806 2827 1016 2886 dolum.
1119 2830 1382 2890 Declinet

179 2910 370 2960 autem
414 2924 451 2961 a
493 2903 641 2961 malo
684 2914 743 2964 et
785 2905 951 2964 faciat
996 2909 1233 2968 bonum:
1291 2909 1380 2966 in-

181 2982 370 3057 quirat
404 3002 599 3060 pacem
629 2994 688 3041 et
731 2993 997 3063 sequatur
1038 3006 1163 3044 eam
1194 3009 1207 3044 :
1252 2987 1384 3063 quia

184 3058 324 3116 oculi
372 3060 606 3118 Domini
653 3083 822 3140 super
859 3064 1061 3141 justos,
1109 3074 1168 3123 et
1221 3085 1384 3125 aures

182 3138 301 3214 ejus
330 3136 465 3194 “ind
492 3158 684 3217 preces
710 3160 939 3202 eorum:
981 3143 1168 3202 vultus
1194 3154 1384 3202 autem

184 3214 421 3273 Domini
442 3235 610 3295 super
625 3218 894 3279 facientes
917 3222 1082 3279 mala.
1165 3223 1242 3282 Et
1261 3222 1387 3301 q'uis

183 3306 271 3353 est
318 3294 415 3371 qui
453 3294 609 3353 vobis
647 3306 864 3370 noceat,
903 3300 950 3357 si
989 3300 1119 3358 boni
1157 3302 1386 3359 aemula-

182 3380 335 3431 tores
356 3372 578 3431 fueritis
600 3376 624 3433 ἓ
677 3374 790 3434 Sed
811 3386 870 3435 et
894 3378 941 3435 si
959 3380 1098 3456 quid
1124 3378 1388 3457 patimini

183 3459 424 3530 propter
456 3451 760 3529 justitiam,
802 3457 998 3514 beati.e
1097 3459 1386 3516 Timorem

180 3540 374 3588 autem
394 3550 589 3587 eorum
609 3550 680 3588 ne
700 3533 1021 3605 timueritis,
1040 3544 1103 3594 ut
1123 3557 1235 3593 non
1257 3556 1389 3594 con-

183 3608 519 3666 turbemini.
563 3610 869 3668 Dominum
887 3622 1077 3671 autem
1099 3613 1390 3672 Christum

182 3686 535 3745 sanctificate
560 3687 622 3744 in
648 3690 906 3749 cordibus
933 3692 1151 3751 vestris.

273 3763 577 3822 aradam

251 3840 538 3922 protector
567 3849 747 3898 noster
781 3847 971 3918 aspice,
1012 3846 1155 3902 Deus
1186 3868 1197 3903 :
1232 3853 1289 3903 et
1309 3864 1389 3903 re·

180 3928 329 3983 spice
352 3928 516 3983 super
535 3930 711 3969 servos
734 3920 869 3972 tuos.

182 4120 212 4151 ·
249 4113 339 4168 Ps.
366 4113 511 4168 xxvi.
540 4114 727 4186 (xxvii.
757 4116 804 4185 7,
832 4116 907 4188 9.)

182 4184 212 4223 b
248 4184 325 4239 ib.
367 4185 440 4256 (v.
470 4184 543 4256 1.)

182 4265 209 4294 ο
249 4255 283 4308 1
312 4254 463 4309 Petri
485 4273 548 4309 ca
588 4297 599 4308 .
624 4255 701 4308 iii.
729 4255 790 4311 B.
828 4257 900 4329 (v.
929 4258 1112 4331 8-15.)

183 4326 214 4364 ¹¹
251 4325 505 4381 ad.-97.
570 4326 617 4380 3.
645 4326 730 4380 26.

180 4406 207 4436 θ
245 4395 576 4452 eritis—92.
605 4396 689 4451 98.
717 4396 814 4452 4L.
842 4398 926 4452 57.

1492 807 1552 861 V.
1647 806 1879 860 Domine
1928 806 2072 860 Deus
2118 806 2387 862 virtutum
2435 826 2446 860 :
2489 806 2686 861 exaudi

1477 894 1659 950 preces
1681 893 1951 932 servorum
1977 884 2210 931 tuorum.

1552 947 1825 1019 Alleluya.
1878 948 1937 1001 V.
2012 947 2082 999 In
2103 954 2171 1016 te,
2194 948 2434 1016 Domine,
2462 947 2683 1019 speravi,

1477 1035 1590 1073 non
1615 1018 1913 1072 confundar
1944 1017 2002 1070 in
2029 1034 2294 1072 aeternum
2322 1039 2332 1071 ε
2360 1019 2420 1071 in
2445 1025 2542 1072 tua
2580 1017 2685 1071 ’us-

1480 1089 1607 1143 titia
1630 1098 1658 1136 8
1681 1089 1849 1143 libera
1872 1106 1959 1142 me
1983 1088 2076 1143 het
2100 1090 2174 1143 eri
2270 1099 2401 1158 me,ss
2420 1088 2452 1125 ¹¹
2482 1090 2571 1142 inc
2597 1090 2688 1143 ‘na

1482 1160 1552 1215 ad
1568 1177 1654 1214 me
1668 1176 1853 1213 aurem
1873 1166 2038 1229 tuam,
2051 1177 2173 1214 acce
2196 1177 2286 1214 era
2305 1166 2367 1212 ut
2382 1159 2575 1230 eripias
2584 1177 2685 1214 me.

1563 1230 1625 1289 E
1628 1232 1947 1307 vanqelium
1967 1253 1988 1288 .·
2027 1230 2347 1290 Secundum
2373 1230 2634 1289 Lucam.¹

1568 1309 1643 1367 In
1685 1310 1782 1367 illo
1820 1317 2099 1387 tempore,
2128 1310 2274 1369 Cum
2314 1312 2500 1368 turbae
2543 1310 2690 1367 irru-

1484 1395 1651 1447 erent
1678 1389 1750 1446 ad
1791 1387 2013 1458 Jesum,
2040 1395 2106 1445 ut
2146 1388 2411 1446 audirent
2453 1389 2688 1446 verbum

1484 1466 1615 1538 Dei,
1671 1474 1731 1524 et
1783 1467 1905 1543 ipse
1959 1468 2145 1524 stabat
2213 1486 2371 1524 secus
2424 1475 2689 1543 stagnum

1485 1543 1858 1604 Genesareth.
1912 1542 1993 1602 Et
2010 1543 2153 1601 vidit
2179 1545 2316 1602 duas
2344 1563 2514 1602 naves
2536 1553 2690 1601 stan-

1485 1631 1571 1682 tes
1614 1642 1771 1680 secus
1815 1630 2115 1700 stagnum:
2166 1622 2466 1700 piscatores
2498 1632 2688 1681 autem

1487 1701 1901 1761 descenderant
1937 1708 1997 1758 et
2035 1698 2299 1758 lavabant
2343 1700 2505 1758 retia.
2602 1701 2692 1758 A·

1487 1780 1761 1839 scendens
1801 1787 1993 1837 autem
2034 1779 2094 1835 in
2130 1798 2303 1836 unam
2330 1780 2520 1836 navim
2559 1799 2689 1856 quae

1488 1866 1614 1916 erat
1657 1858 1920 1928 Simonis,
1949 1857 2168 1934 rogavit
2207 1876 2338 1915 eum
2359 1864 2424 1915 ut
2462 1877 2497 1914 a
2537 1865 2693 1916 terra

1488 1937 1787 1994 reduceret
1837 1934 2124 2014 pusillum.
2225 1935 2304 1994 Et
2349 1936 2551 1993 sedens
2593 1936 2691 1993 do-

1489 2016 1651 2073 cebat
1675 2015 1747 2072 de
1765 2012 2016 2072 navicula
2042 2014 2254 2071 turbaS.
2343 2013 2432 2072 Ut
2459 2015 2693 2072 cessavit

1488 2101 1681 2151 autem
1709 2092 1878 2170 loqui,
1907 2092 2057 2149 dixit
2083 2092 2155 2149 ad
2185 2091 2474 2151 Simonem
2502 2114 2519 2164 ;
2563 2093 2690 2151 Duc

1488 2171 1551 2228 in
1601 2169 1803 2243 altum,
1851 2179 1911 2230 et
1962 2170 2150 2229 laxate
2200 2171 2347 2229 retia
2396 2179 2586 2229 vestra
2632 2171 2693 2228 in

1489 2258 1800 2328 capturam.
1914 2248 1994 2308 Et
2059 2250 2407 2328 respondens
2474 2249 2692 2321 Simon,

1489 2327 1641 2387 dixit
1674 2327 1782 2399 illi;
1830 2328 2177 2405 Praeceptor,
2213 2348 2319 2406 per
2348 2335 2528 2386 totam
2562 2345 2694 2387 noc·

1490 2414 1610 2464 tem
1639 2405 1955 2464 laborantes
1984 2406 2127 2463 nihil
2154 2407 2432 2485 cepimus:
2476 2407 2537 2463 in
2565 2426 2692 2464 ver-

1492 2485 1566 2542 bo
1608 2492 1799 2542 autem
1846 2493 1946 2542 tuo
1981 2484 2184 2542 laxabo
2224 2495 2365 2545 rete.
2447 2485 2527 2544 Et
2565 2505 2695 2542 cum

1492 2561 1600 2621 hoc
1650 2561 1933 2634 fecissent,
2001 2561 2394 2622 concluserunt
2459 2563 2695 2642 piscium

1494 2638 1923 2698 multitudinem
1964 2641 2278 2719 copiosam3
2328 2643 2699 2720 rumpebatur

1492 2727 1685 2777 autem
1708 2726 1832 2777 rete
1853 2738 2074 2791 eorum;
2116 2731 2175 2777 et
2189 2728 2515 2779 annuerunt
2535 2720 2697 2778 sociis

1493 2797 1592 2874 qui
1633 2805 1796 2855 erant
1835 2796 1895 2852 in
1935 2795 2047 2854 alia
2072 2797 2221 2867 navi,
2251 2805 2315 2854 ut
2351 2797 2611 2856 venirent
2638 2805 2699 2855 et

1494 2875 1830 2953 adjuvarent
1870 2893 1979 2932 eos·
2073 2874 2150 2933 Et
2178 2884 2472 2946 venerunt,
2503 2883 2563 2933 et
2589 2876 2695 2932 im-

1495 2952 1793 3033 pleverunt
1807 2954 1999 3011 ambas
2020 2952 2323 3024 naviculas,
2345 2955 2428 3010 ita
2446 2961 2511 3011 ut
2531 2973 2698 3031 paene

1498 3039 1911 3110 mergerentur.
1942 3031 2105 3098 Quod
2120 3052 2246 3089 cum
2264 3032 2483 3089 videret
2501 3032 2698 3090 Simon

1499 3110 1724 3180 Petrus,
1743 3109 1987 3187 procidit
2003 3109 2072 3167 ad
2091 3129 2277 3187 genua
2292 3109 2334 3167 J
2337 3130 2452 3180 esu,
2475 3109 2663 3168 dicens
2682 3130 2698 3181 ;

1500 3187 1615 3246 Exi
1633 3210 1668 3247 a
1687 3208 1797 3259 me,
1821 3188 2083 3258 Domine,
2102 3188 2235 3265 quia
2254 3186 2424 3245 homo
2443 3196 2701 3266 peccator

1501 3286 1645 3325 sum.
1768 3266 1981 3344 Stupor
2042 3267 2195 3324 enim
2255 3266 2702 3324 circumdederat

1501 3366 1649 3415 eum,
1680 3350 1740 3402 et
1766 3364 1959 3402 omnes
1986 3344 2082 3421 qui
2123 3364 2251 3401 cum
2292 3342 2389 3401 illo
2428 3352 2610 3413 erant,
2641 3345 2701 3400 in

1501 3432 1734 3502 captura
1759 3422 1994 3501 piscium
2023 3442 2187 3500 quam
2211 3431 2501 3500 ceperant:
2545 3422 2701 3478 sirni-

1500 3500 1633 3559 liter
1676 3512 1868 3558 autem
1922 3500 2196 3559 Jacobum
2246 3509 2304 3559 et
2356 3500 2398 3558 J
2401 3500 2701 3569 ohannem,

1504 3578 1649 3638 filios
1678 3579 1961 3651 Zebedaei,
1982 3580 2261 3658 quierant
2282 3580 2413 3636 socii
2437 3578 2699 3638 Simonis.

1502 3657 1583 3716 Et
1598 3658 1680 3715 ait
1695 3658 1766 3715 ad
1786 3658 2074 3717 Simonem
2092 3656 2134 3714 J
2136 3677 2287 3728 esus3
2315 3657 2452 3715 Noli
2470 3658 2700 3715 timere:

1505 3756 1579 3795 ex
1606 3735 1712 3793 hoc
1732 3737 1854 3813 jam
1882 3735 2139 3794 homines
2166 3735 2277 3793 eris
2298 3736 2540 3813 capiens.
2624 3734 2703 3793 Et

1504 3814 1790 3873 subductis
1827 3814 1901 3871 ad
1942 3823 2156 3873 terram
2199 3814 2453 3887 navibuS,
2493 3811 2703 3872 relictis

1506 3892 1765 3951 omnibus
1791 3893 1969 3952 secuti
1995 3901 2127 3951 sunt
2154 3912 2301 3951 eum.

1507 4125 1540 4250 i
1574 4127 1660 4250 ξε.
1687 4128 1897 4183 lxxxiii.
1940 4108 2164 4201 (lxxxiv.
2191 4131 2239 4202 9,
2269 4132 2343 4205 8.)
2369 4150 2494 4187 xxx.
2535 4130 2702 4203 (xxxi.

1508 4240 1558 4375 ἵ
1572 4199 2382 4394 affectarem-*⁷-

1509 4408 1524 4445 ἱ
1571 4426 1685 4481 cap.
1711 4428 1759 4465 v.
1789 4411 1857 4463 A.
1887 4409 1957 4481 (v.
1989 4411 2168 4481 1-11.)
