2975 5009
147 221 267 288 521
302 231 467 288 nnn.
493 231 669 289 rosa·
699 238 763 285 ι).
791 229 911 286 xx.
940 231 1130 285 ros-r.
1158 229 1352 283 mam.

218 395 692 454 Postcommumb.

219 474 344 532 'Pua
368 492 490 544 nos,
523 472 793 542 Domine,
821 468 1173 528 medicinalis
1210 483 1343 549 ope-

142 551 284 610 ratio
321 559 382 611 et
421 570 456 608 a
481 551 690 609 nostris
730 548 1196 628 perversitatibus
1234 546 1346 605 cle-

145 638 370 689 menter
397 630 668 709 expediat
693 636 754 686 et
785 628 897 686 tuis
925 646 1149 705 semper
1178 623 1347 683 faciat

146 707 430 766 inhaerere
478 706 777 765 mandatis.
875 704 990 764 Per
1037 702 1346 762 Dominum

146 795 404 845 nostrum
432 786 476 845 J
478 805 637 845 esum
667 788 767 842 διο.

242 916 463 989 Feria
512 927 796 1011 quarta.

222 1014 333 1071 Ad
369 1013 776 1071 Timotheum.⁸

221 1092 550 1164 Carissimo,
572 1089 913 1151 confortare
930 1088 990 1146 in
1018 1086 1204 1168 gratia
1227 1105 1356 1164 quae

144 1170 279 1229 data
306 1179 396 1228 est
421 1171 527 1228 tibi
569 1171 629 1227 in
660 1169 890 1229 Christo
915 1168 958 1226 J
960 1187 1057 1226 esu
1081 1189 1095 1226 :
1141 1179 1201 1226 et
1228 1185 1357 1242 quae

144 1248 353 1308 audisti
378 1253 408 1291 b
427 1269 463 1306 a
484 1268 574 1307 me
636 1268 700 1305 er
721 1247 749 1285 ὓ
775 1246 982 1305 multos
1010 1253 1204 1317 testeS‚
1235 1244 1359 1303 haec

149 1328 484 1385 commenda
535 1326 576 1383 fi
621 1324 801 1384 elibus
864 1322 1205 1396 hominibus,
1261 1323 1358 1400 qui

148 1406 341 1464 idonei
368 1413 541 1463 erunt
580 1410 640 1462 et
663 1402 802 1461 alios
829 1403 1051 1461 docere.
1135 1402 1362 1460 Labora

148 1486 295 1542 sicut
314 1485 497 1542 bonus
518 1481 680 1542 miles
698 1482 913 1542 Christi
933 1482 976 1540 J
979 1501 1095 1539 esu.
1170 1480 1363 1538 Nemo

149 1562 405 1621 militans
424 1561 551 1620 Deo
568 1562 647 1617 im
691 1561 824 1618 licat
843 1579 903 1618 se
924 1560 1167 1638 negotiis
1186 1578 1361 1617 seecu-

148 1641 403 1699 laribus:
445 1648 512 1698 ut
538 1638 591 1696 ei
616 1582 839 1718 pfaceat
876 1639 966 1697 cui
992 1658 1051 1696 se
1078 1637 1360 1716 probavit.

149 1718 309 1778 Nam
365 1727 426 1777 et
479 1718 576 1795 qui
628 1724 811 1776 certat
879 1717 942 1774 in
994 1736 1192 1794 agone,
1247 1736 1362 1774 non

149 1797 515 1856 coronabitur
566 1795 676 1856 nisi
728 1793 983 1874 legitime
1038 1796 1363 1854 certaverit.

1623 230 1795 282 nou.
1831 227 1980 280 xx1.
2018 225 2191 279 rosv
2225 228 2423 278 mun.
2537 211 2667 277 522

1455 390 1840 449 Laborantem
1852 385 2158 466 agricolam
2170 395 2398 464 oportet
2455 385 2665 443 rimum

1454 469 1528 527 de
1547 465 1821 525 fructibus
1848 465 2162 545 percipere.
2246 464 2402 523 Intel
2429 465 2516 542 ‘ge
2538 484 2667 542 quae

1456 547 1618 605 dico:
1681 544 1846 602 dabit
1899 545 2052 602 enim
2108 542 2216 601 tibi
2268 541 2554 601 Dominus
2605 542 2667 599 in

1459 624 1722 684 omnibus
1748 621 2121 681 intellectum.

1539 700 1923 777 Evanqelium
1949 721 1967 757 .·
2011 698 2332 757 Secwndum
2360 695 2632 756 Lucam.⁰

1542 780 1615 838 In
1643 778 1742 837 illo
1769 788 2051 856 tempore,
2080 777 2323 835 Dicebat
2356 777 2399 835 J
2403 796 2528 835 esus
2554 777 2672 835 cui-

1464 860 1597 918 dam
1623 857 1867 937 principi
1891 856 2341 927 Pharisaeorum3
2369 855 2516 916 Cum
2537 855 2674 913 facis

1465 937 1768 1016 prandium
1807 945 1908 993 aut
1946 953 2184 1006 coenam,
2226 933 2344 991 noli
2383 954 2578 993 vocare
2612 953 2675 991 a-

1470 1016 1644 1074 micos
1683 1022 1811 1073 tuos
1851 1032 2033 1090 neque
2075 1013 2285 1071 fratres
2321 1020 2450 1071 tuos
2491 1031 2677 1089 neque

1469 1101 1738 1172 cognatos
1765 1111 1949 1169 neque
1976 1090 2187 1149 viciuos
2219 1111 2405 1167 neque
2431 1090 2674 1149 divitest

1472 1191 1547 1231 ne
1585 1169 1735 1229 forte
1764 1179 1824 1229 et
1863 1170 1970 1262 ipsi
2011 1179 2070 1228 te
2112 1169 2446 1242 reinvitent,
2476 1177 2537 1228 et
2572 1169 2679 1227 fiat

1473 1250 1579 1309 tibi
1626 1248 1948 1308 retributio.
2053 1249 2167 1308 Sed
2206 1267 2334 1306 cum
2372 1246 2508 1306 facis
2546 1267 2679 1306 con-

1471 1327 1706 1398 vivium,
1730 1346 1865 1384 voca
1882 1345 2180 1405 pauperes,
2196 1325 2433 1399 debiles,
2453 1325 2681 1385 claudos

1472 1414 1534 1465 et
1584 1424 1794 1463 caecos:
1857 1413 1917 1463 et
1961 1407 2160 1463 beatus
2205 1404 2338 1476 eris,
2385 1405 2520 1482 quia
2559 1424 2678 1462 non

1473 1483 1691 1541 habent
1743 1483 2067 1542 retribuere
2118 1483 2269 1541 tibi:
2331 1483 2684 1540 retribuetur

1474 1562 1630 1622 enim
1671 1561 1778 1619 tibi
1821 1560 1882 1617 in
1925 1561 2339 1619 resurrectione
2373 1561 2680 1637 justorum.

1475 1641 1624 1698 Haec
1644 1660 1772 1697 cum
1799 1636 1829 1675 ‘¹
1845 1639 2097 1697 audisset
2111 1641 2141 1680 ἃ
2167 1638 2398 1715 quidam
2421 1638 2494 1697 de
2513 1638 2684 1697 simul

1476 1717 1962 1777 discumbentibus
2002 1717 2153 1776 dixit
2178 1716 2301 1787 illi3
2344 1716 2556 1775 Beatus
2583 1718 2682 1795 qui

1478 1797 1840 1856 manducabit
1867 1815 2074 1875 panem
2103 1795 2163 1852 in
2189 1814 2370 1874 regno
2397 1795 2525 1854 Dei.

454 2121 843 2197 Dominica
940 2122 1286 2195 vicesima
1356 2125 1619 2218 prima
1689 2135 1856 2221 poet
1943 2122 2382 2197 Trinitatem.

235 2345 350 2404 Ad
375 2344 637 2404 Missam.
727 2342 1039 2421 Officium.0

239 2426 318 2483 In
346 2423 636 2482 voluntate
662 2430 780 2494 tua,
808 2422 1077 2493 Domine,
1104 2421 1368 2480 universa

155 2512 297 2565 sunt
350 2502 572 2580 posita3
635 2508 695 2559 et
745 2520 858 2558 non
917 2507 1004 2558 est
1049 2499 1145 2576 qui
1190 2501 1369 2591 possit

153 2581 427 2643 resistere
446 2577 726 2636 voluntati
752 2586 894 2635 tuae:
922 2586 989 2636 tu
1010 2578 1164 2636 enim
1185 2578 1369 2635 iecisti

153 2660 393 2727 omnia;
450 2654 651 2712 coelum
679 2661 739 2711 et
777 2662 993 2712 terram
1020 2662 1080 2712 et
1106 2655 1372 2712 universa

154 2758 289 2817 quae
309 2733 436 2793 coeli
457 2730 674 2789 ambitu
689 2731 1072 2803 continentur,
1090 2729 1371 2790 Dominus

156 2816 559 2875 universorum
585 2817 652 2867 tu
679 2829 757 2867 es.

239 2888 558 2952 Psazmuffl

228 2967 394 3024 Beati
429 2963 769 3020 immaculati
800 2963 864 3018 in
897 2962 989 3019 via
1014 2982 1027 3016 ε
1053 2961 1150 3034 qui
1183 2963 1372 3019 ambu-

158 3043 287 3097 lant
310 3038 373 3092 in
395 3037 514 3109 lege
538 3034 774 3091 Domini.

251 3109 475 3171 Oratio.

248 3188 513 3266 Lagina,
576 3202 919 3263 quaesumus,
981 3182 1250 3256 Domine,
1305 3184 1373 3242 fi-

157 3266 390 3329 delibus
421 3266 534 3324 tuis
578 3262 990 3343 indulgentiam
1028 3262 1282 3342 placatus
1314 3271 1374 3322 et

160 3363 409 3427 pacem3
449 3352 515 3401 ut
555 3343 773 3421 pariter
809 3343 882 3399 ab
922 3341 1183 3399 omnibus
1209 3361 1375 3399 mun-

161 3428 383 3484 dentur
422 3420 654 3480 offensis
695 3429 751 3478 et
794 3439 990 3478 secura
1026 3419 1137 3478 tibi
1179 3428 1376 3480 mente

161 3500 516 3562 deserviant.
599 3497 714 3557 Per
743 3499 1079 3556 Dominum.

253 3578 364 3636 Ad
392 3576 718 3654 Ephesio-⁴13

253 3656 509 3726 FratreS,
548 3651 959 3713 confortamini
1013 3652 1075 3710 in
1129 3653 1378 3712 Domino

168 3745 236 3796 et
262 3736 325 3792 in
364 3732 621 3812 potentia
644 3731 872 3790 virtutis
908 3731 1046 3809 ejus.
1142 3731 1379 3790 Induite

169 3834 272 3874 vos
309 3819 654 3870 armaturam
694 3809 824 3880 Dei,
864 3818 933 3867 ut
1007 3808 1190 3868 ossitis
1225 3820 1379 3868 stare

167 3892 442 3951 adversus
458 3887 686 3946 insidias
694 3886 921 3946 diaboli.
963 3830 1242 3955 &uoniam
1260 3906 1377 3945 non

169 3978 264 4030 est
292 3966 455 4026 nobis
493 3965 812 4025 colluctatio
849 3967 1117 4024 adversus
1150 3985 1378 4024 carnem

169 4055 235 4108 et
261 4045 633 4123 sanguinem:
674 4045 776 4102 sed
802 4044 1069 4104 adversus
1095 4044 1381 4122 principes

170 4263 202 4291 ⁸
238 4251 273 4303 2
295 4250 366 4304 ad
389 4248 528 4302 Tim.
553 4265 666 4318 cap.
693 4247 751 4302 ii.
779 4250 849 4303 A.
877 4248 951 4320 (v.
979 4249 1125 4321 1-7.)

174 4324 207 4362 b
242 4337 341 4393 per
362 4337 449 4373 me
472 4319 705 4374 eth—97.
732 4319 819 4373 26.

177 4403 204 4433 θ
240 4408 355 4461 cap.
382 4388 492 4444 xiv.
520 4388 577 4442 Ο.
629 4407 677 4444 v.
706 4388 924 4459 12-15.)

175 4464 206 4503 <¹
241 4457 592 4517 dixisset.--9
633 4500 645 4514 .
673 4458 756 4514 98.
784 4460 881 4514 4L.
909 4459 994 4516 57.

1477 2354 1538 2404 et
1564 2355 1887 2424 potestates,
1907 2346 2177 2406 adversus
2203 2343 2404 2402 mundi
2431 2355 2680 2405 rectores

1477 2426 1842 2484 tenebrarum
1885 2424 2107 2497 harum,
2135 2433 2332 2484 contra
2364 2423 2684 2501 spiritualia

1478 2503 1748 2579 nequitiae
1809 2503 1870 2561 in
1923 2503 2260 2562 coelestibus,
2368 2502 2684 2582 Propterea

1478 2580 1715 2658 accipite
1759 2588 2107 2640 armaturam
2162 2582 2292 2653 Dei,
2338 2588 2405 2640 ut
2457 2582 2684 2661 possitis

1481 2656 1746 2718 resistere
1783 2660 1844 2716 in
1884 2658 1978 2717 die
2017 2658 2188 2731 male,
2221 2668 2281 2720 et
2317 2659 2378 2717 in
2420 2660 2682 2718 omnibus

1481 2735 1720 2869 perfecti
1758 2744 1929 2794 stare.
2030 2738 2194 2797 State
2235 2757 2372 2817 ergo
2416 2737 2685 2797 succincti

1508 2814 1701 2870 umbos
1743 2823 1956 2872 vestros
1993 2814 2052 2871 in
2098 2815 2355 2887 veritate,
2396 2825 2457 2875 et
2498 2818 2684 2875 induti

1484 2889 1717 2946 loricam
1749 2890 2011 2968 justitiae,
2049 2902 2110 2952 et
2147 2894 2368 2953 calciati
2408 2896 2582 2972 pedes
2622 2897 2684 2953 in

1484 2969 1959 3058 praeparationem
2027 2971 2306 3048 evangelii
2411 2974 2560 3034 acis:
2623 2974 2685 3031 in

1486 3047 1747 3106 omnibus
1766 3056 2053 3107 sumentes
2074 3058 2297 3108 scutum
2318 3049 2358 3107 fi
2403 3051 2476 3122 ei,
2493 3051 2554 3109 in
2574 3072 2688 3129 quo

1485 3124 1710 3203 possitis
1726 3123 1917 3184 omnia
1932 3125 2048 3184 tela
2062 3129 2391 3205 nequissimi
2407 3129 2573 3207 ignea
2590 3151 2689 3190 ex-

1485 3204 1746 3281 tinguere
1770 3226 1784 3263 :
1827 3210 1886 3262 et
1911 3202 2132 3280 galeam
2164 3205 2360 3264 salutis
2384 3209 2690 3280 assumite3

1487 3288 1580 3419 ge
1584 3281 1838 3374 gladium
1864 3279 2129 3360 Spiritu8‚
2154 3283 2307 3361 quod
2341 3292 2430 3343 est
2453 3288 2690 3345 verbum

1581 3381 1621 3418 1.

1571 3436 1874 3496 Gradale.¹¹

1565 3514 1809 3583 Domine,
1837 3514 2105 3585 refugium
2139 3514 2314 3569 factus
2347 3530 2405 3569 ee
2438 3516 2597 3572 nobis
2622 3536 2636 3573 z
2659 3535 2696 3573 a

1489 3587 1837 3710 generatione
1858 3592 1914 3640 et
1935 3585 2204 3657 progenie.

1551 3698 1564 3711 .
1619 3656 1942 3726 Priusquam
1956 3661 2168 3710 montes
2179 3655 2374 3710 fierent
2383 3663 2484 3711 ant
2499 3657 2694 3713 forma-

1487 3733 1639 3781 retur
1684 3732 1828 3781 terra
1867 3732 1924 3781 et
1969 3726 2113 3781 orbis
2161 3747 2175 3781 ε
2223 3744 2259 3780 a
2297 3728 2495 3783 saeculo
2534 3734 2592 3782 et
2631 3728 2694 3783 in

1490 3797 1750 3853 saeeulum
1775 3803 1839 3851 tu
1861 3815 1918 3853 es
1942 3796 2100 3852 Deus.

1564 3867 1838 3939 Alleluya.
1912 3866 1972 3921 V.
2071 3866 2273 3935 Lauda,
2323 3867 2511 3923 anima
2556 3882 2693 3939 mea,

1490 3936 1802 4005 Dominum,
1852 3936 2082 3992 laudabo
2129 3937 2427 3992 Dominum
2473 3938 2534 3992 in
2581 3939 2696 3994 vita

1489 4023 1612 4063 mea
1635 4027 1646 4061 :
1673 4007 1902 4080 psallam
1928 4008 2039 4064 Deo
2063 4026 2183 4064 meo
2205 4009 2469 4079 quamdiu
2491 4026 2596 4065 ero.

1468 4320 1521 4365 -f
1563 4321 1651 4375 Ps.
1676 4321 1854 4375 cxvin.
1904 4322 2043 4376 cxix.
2109 4324 2147 4395 .)

1500 4400 1529 4438 8
1562 4408 1674 4462 cap.
1704 4391 1770 4448 vi.
1796 4392 1859 4447 B.
1911 4409 1958 4448 v.
1986 4392 2204 4465 10-17.)

1498 4259 1522 4288 e
1558 4250 2245 4374 Hesth.eap.xiii.(l9,10‚
2274 4251 2385 4324 11.)

1502 4461 1533 4499 ¹²
1571 4462 1656 4517 Ps.
1676 4462 1878 4518 lxxxix.
1904 4464 2006 4534 (xc.
2030 4463 2076 4534 1,
2096 4464 2172 4535 2.)
2190 4462 2328 4519 cxlv.
2352 4462 2531 4537 (cxlvi.
2556 4464 2603 4537 1,
2626 4466 2702 4538 2.)
2800 4480 2805 4484 ·
