2975 5009
60 222 61 225 ¹
139 241 255 307 433
322 259 384 308 F.
417 257 527 308 111.
565 258 741 309 Posvr
775 224 1204 309 rnu'rscosw.

137 415 188 472 d.
228 414 336 473 Ast
388 414 690 474 modulans
732 437 777 474 e.
822 415 964 474 tibia
1014 414 1257 475 resultet
1267 414 1325 493 f

274 491 492 571 plectro
518 493 862 568 lau-9.-dum
892 493 1027 553 laeta
1051 494 1326 564 earmina,

140 592 178 630 e.
211 569 533 649 Nostraque
560 583 791 632 caterva
810 573 868 649 f.
900 573 1064 652 hujus
1101 573 1327 649 di-9.·ei

279 650 550 742 euprepia

141 728 183 786 Ιι.
219 727 484 788 Paraeliti
538 726 820 787 charisma
869 727 975 787 hae
1023 728 1118 788 die
1181 748 1324 805 8-9.-

272 806 497 865 lumnos
538 807 576 842 ’Ψ
599 806 814 866 Christi
844 808 879 845 ¹*
918 807 1086 887 plene
1123 808 1325 878 intrat,

140 884 179 941 Ιι.
216 883 387 942 Facto
413 892 658 963 repente
683 904 840 957 sono,
865 884 1074 966 linguis
1105 885 1321 947 Christi

271 984 324 1040 9.
354 962 552 1022 fantur
579 962 879 1042 magnalia.

138 1040 171 1098 i.
207 1041 435 1101 Vesano
463 1042 636 1121 plena
661 1051 827 1100 ructu
867 1041 1112 1121 perfidia
1137 1048 1324 1100 musto

267 1119 636 1196 alum-9.-nos
645 1122 873 1180 madere
889 1130 1056 1200 putat
1070 1120 1125 1178 k.
1141 1119 1322 1198 Spiri-

273 1207 364 1258 tus
378 1200 572 1278 gratia
588 1201 856 1259 ardentes
874 1222 927 1276 9.
950 1219 1090 1278 quos
1130 1198 1322 1257 reddit

268 1276 509 1337 fervida.

135 1356 170 1414 i.
205 1355 473 1416 Anasta-si
500 1365 734 1435 peraeta
748 1357 1143 1435 quinquagena
1169 1373 1321 1431 mys-

267 1436 408 1494 ticus
434 1457 489 1512 9.
532 1444 800 1514 penetrat
827 1436 1074 1514 Spiritus
1100 1433 1156 1493 k.
1232 1452 1320 1491 ec·

268 1521 460 1572 torum
487 1515 710 1587 intima,
740 1515 950 1594 oppido
987 1535 1043 1590 9.
1072 1513 1173 1572 red
1215 1531 1317 1572 ens

268 1591 643 1652 flammantia.

135 1669 167 1726 l.
196 1670 330 1728 Mox
357 1671 569 1749 egressi
599 1690 798 1730 omnes
817 1690 951 1742 una,
970 1676 1126 1729 tetra
1149 1688 1316 1749 pera-

265 1760 440 1826 grant
477 1769 631 1823 arva,
657 1748 1132 1825 infimden-y.-tes
1157 1749 1318 1808 verbi

267 1847 508 1899 semma,

135 1901 170 1959 l.
202 1902 444 1981 Mystiea
493 1911 789 1983 patrantes
841 1904 1023 1984 signa,
1070 1923 1318 1982 superno

265 2003 394 2043 rore
449 2002 597 2041 nova
645 1983 853 2056 bibula,
907 2004 960 2060 9.
1018 1984 1316 2042 madidant

265 2061 488 2120 intima.

131 2158 194 2196 m.
230 2139 390 2212 Eoee,
416 2139 669 2211 Christe,
696 2159 847 2198 nune
882 2147 1110 2199 caterva
1134 2146 1236 2199 tua

131 2236 195 2275 m.
231 2219 301 2276 In
326 2219 435 2277 hae
461 2218 592 2276 aula
614 2219 878 2278 decantat
903 2220 1138 2291 cantica,

129 2315 180 2353 π.
217 2296 302 2356 Ut
339 2297 554 2357 ooelesti
595 2317 648 2373 9.
764 2298 981 2358 rmixta
1017 2296 1233 2376 agmini
1261 2319 1311 2356 0.

263 2376 571 2436 indiscrete
613 2375 649 2454 †
713 2376 879 2455 'eat†
927 2396 1076 2436 nova
1112 2397 1166 2453 9.
1204 2377 1312 2436 tibi

264 2475 534 2533 promens
559 2453 793 2513 cantica.

128 2550 194 2589 m.
231 2535 318 2593 Sit
343 2534 615 2612 perennis
641 2532 890 2592 Domino
912 2530 1111 2611 gloria,

128 2629 194 2668 m.
229 2614 430 2683 Decus,
449 2610 648 2684 honor,
671 2619 939 2690 potestas,
966 2631 1071 2690 per
1089 2610 1310 2685 saecula,

127 2708 178 2746 n.
216 2690 328 2760 Qui
362 2691 571 2749 tribuit
608 2711 661 2767 9.
702 2690 950 2768 Spiritus
987 2691 1231 2768 gratiam
1259 2711 1309 2750 0.

263 2770 532 2828 omnibus
559 2789 662 2848 per
685 2788 821 2826 arva
837 2769 934 2848 qui
960 2788 1312 2848 se-9.-quun-

264 2856 361 2906 tur
387 2848 511 2927 ejus
528 2869 594 2925 p.
624 2847 843 2906 monita

117 2942 175 3000 p.
212 2925 501 2986 Posoimus
528 2944 723 2985 omnes
749 2945 863 2984 una
886 2923 1164 3004 supplices

264 3026 316 3082 q.
346 3005 652 3084 magnalia,

118 3102 170 3159 p.
211 3082 297 3142 Ut
332 3085 575 3144 Sanctus
614 3091 812 3144 nostra
837 3080 1083 3162 Spiritus
1109 3103 1310 3143 emun-

263 3163 409 3221 dans
433 3184 484 3220 r.
518 3163 740 3235 intima,

115 3259 156 3296 ε.
195 3239 452 3300 Illustret
476 3239 624 3300 clare
654 3240 882 3321 Sophia.
965 3237 1254 3318 Alleluya.

188 3317 509 3378 Secundum
535 3320 902 3378 Johannem.·

190 3396 263 3455 In
286 3398 387 3456 illo
426 3408 706 3476 tempore,
733 3397 901 3456 Dixit
939 3396 983 3455 J
985 3415 1109 3455 esus
1144 3397 1310 3457 disci-

115 3473 254 3551 pulis
290 3477 444 3547 suis;
500 3478 709 3549 Amen,
736 3496 924 3546 amen,
950 3475 1076 3533 dico
1118 3478 1309 3538 vobis:

114 3554 206 3629 qui
251 3575 366 3613 non
420 3556 603 3613 intrat
647 3576 753 3634 per
800 3555 1007 3612 ostium
1055 3554 1115 3611 in
1164 3554 1308 3616 ovile

113 3632 295 3691 ovium
342 3634 445 3691 sed
491 3634 743 3692 aseendit
781 3632 1028 3704 aliunde,
1084 3632 1178 3693 ille
1216 3631 1310 3691 fur

113 3719 197 3768 est
238 3719 297 3770 et
341 3711 507 3770 latr0.
593 3710 710 3779 Qui
748 3721 942 3770 autem
985 3713 1165 3770 intrat
1205 3731 1310 3790 per

110 3790 333 3861 ostium,
362 3798 556 3868 pastor
582 3799 671 3848 est
698 3792 903 3848 ovium.
985 3789 1140 3847 Huic
1174 3791 1310 3848 osti-

110 3868 263 3925 arius
292 3868 498 3947 aperit,
535 3875 594 3926 et
627 3888 756 3927 oves
783 3887 976 3926 vocem
1005 3869 1125 3946 ejus
1151 3868 1310 3925 audi-

110 3955 217 4006 unt
225 3967 244 4017 3
271 3954 334 4007 et
353 3947 608 4025 proprias
625 3965 754 4006 oves
770 3954 931 4005 vocat
952 3946 1310 4018 nominatim,

109 4032 167 4082 et
194 4025 388 4084 educit
426 4045 538 4084 eas.
619 4024 699 4084 Et
730 4045 856 4083 cum
897 4024 1153 4104 proprias
1181 4045 1311 4084 oves

107 4103 378 4175 emiserit,
406 4112 540 4163 ante
567 4123 661 4162 eas
688 4103 871 4164 vadit:
915 4112 974 4162 et
1000 4123 1131 4163 oves
1149 4102 1308 4162 illum

101 4218 131 4320 ἶ
164 4209 980 4353 RP·1{·1.²}1·.«}‡};1}3·)23.25.)

99 4364 124 4394 ο
159 4353 452 4407 iuis-92.
480 4351 566 4405 94.
595 4350 681 4407 97.
708 4351 793 4406 98.

98 4453 133 4488 ff
171 4469 292 4508 non
314 4451 476 4508 babet
499 4448 662 4585 (ἱὲεὲᾶ.

1458 260 1523 308 r.
1556 260 1655 310 ιν.
1688 260 2031 320 Qus-tuos
2061 258 2483 310 Tauronem.
2528 241 2658 308 434

1446 425 1779 495 sequuntur,
1834 418 1969 496 quia
2018 416 2206 477 sciunt
2256 435 2449 475 vocem
2508 415 2649 493 ejus.

1447 494 1717 554 Alienum
1771 506 1963 556 autem
2006 515 2120 553 non
2163 503 2492 572 sequuntur,
2548 494 2650 553 sed

1443 572 1670 652 fugiunt
1719 577 1792 634 ab
1846 595 1950 635 eo:
2012 574 2145 652 quia
2197 593 2311 631 non
2365 580 2647 631 noverunt

1444 672 1640 711 vocem
1687 654 2020 713 alienorum.
2101 651 2231 710 Hoc
2281 650 2643 730 proverbium

1442 730 1595 790 dixit
1614 733 1694 791 eis
1720 732 1763 790 J
1763 751 1906 792 esus,
1974 729 2069 788 Illi
2088 738 2281 789 autem
2304 748 2418 786 non
2440 748 2646 807 cogno-

1442 820 1650 869 verunt
1699 810 1838 889 quid
1888 808 2213 887 loqueretur
2264 808 2365 867 eis·
2473 806 2643 865 Dixit

1442 907 1580 966 ergo
1605 889 1686 947 eis
1720 891 1927 948 iterum
1968 888 2013 947 J
2013 906 2174 958 esus;
2216 887 2427 956 Amen,
2452 905 2643 958 amen,

1441 965 1567 1025 dieo
1586 967 1760 1039 vobis,
1781 968 1912 1044 quia
1931 985 2036 1045 ego
2053 986 2179 1025 sum
2207 964 2411 1023 ostium
2433 964 2639 1022 ovium.

1447 1043 1663 1104 Omnes
1701 1053 1977 1123 quotquot
2002 1051 2299 1115 venerunt,
2327 1042 2481 1101 fures
2507 1050 2643 1101 sunt

1442 1130 1504 1181 et
1522 1122 1787 1197 latrones,
1803 1124 1902 1183 sed
1919 1143 2034 1182 non
2054 1123 2357 1182 audierunt
2376 1141 2469 1180 eos
2489 1139 2638 1180 oves.

1441 1198 1566 1279 Ego
1618 1221 1743 1260 sum
1789 1202 2015 1260 ostium.
2122 1200 2237 1260 Per
2282 1219 2375 1259 me
2421 1200 2470 1258 si
2516 1198 2641 1276 quis

1439 1277 1745 1351 introierit,
1789 1278 2133 1340 salvabitur:
2182 1285 2242 1339 et
2287 1278 2641 1357 ingredietur

1439 1365 1500 1415 et
1518 1358 1842 1437 egredietur
1861 1365 1919 1418 et
1944 1378 2147 1436 pascua
2170 1358 2438 1415 inveniet.
2519 1356 2641 1414 Fur

1439 1455 1556 1493 non
1584 1436 1743 1494 venit
1768 1435 1875 1494 nisi
1905 1448 1969 1494 ut
2007 1435 2228 1495 furetur
2255 1443 2315 1494 et
2341 1443 2550 1494 mactet
2578 1440 2639 1493 et

1437 1513 1664 1593 perdat.
1743 1514 1869 1604 Ego
1893 1513 2023 1572 veni
2059 1521 2123 1572 ut
2152 1513 2327 1571 vitam
2368 1512 2635 1584 habeant,

1437 1601 1498 1653 et
1523 1592 1899 1651 abundantius
1923 1591 2187 1650 babeant.

1515 1670 1718 1731 Credo.

1521 1744 1929 1825 offlam-imp

1509 1824 1700 1880 Portas
1721 1824 1844 1880 ooeli
1866 1822 2078 1896 aperuit
2102 1823 2380 1895 Dominus,
2406 1827 2463 1878 et
2497 1822 2642 1894 pluit

1435 1895 1547 1949 illis
1594 1913 1799 1950 manna
1843 1903 1909 1949 ut
1954 1896 2173 1950 ederent
2217 1915 2229 1948 ε
2273 1911 2470 1966 panem
2517 1894 2639 1949 ooeli

1434 1966 1587 2021 dedit
1609 1976 1635 2005 ⁶
1652 1966 1729 2021 eis
1745 1975 1769 2005 ⁰
1789 1983 2036 2092 3ufianem
2071 1966 2388 2039 angelorum
2411 1966 2639 2020 mandu-

1432 2038 1578 2093 oavit
1599 2038 1774 2108 homo,
1874 2037 2046 2109 eluya.

1513 2109 1755 2170 Secreta.

1540 2188 1881 2261 Descendat,
1954 2204 2294 2265 quaesumus,
2366 2184 2636 2258 Domine,

1435 2265 1682 2345 Spiritus
1712 2266 1950 2326 Sanctus
1976 2285 2145 2345 super
2170 2262 2278 2322 hoe
2302 2262 2510 2337 altare;
2539 2264 2636 2342 qui

1434 2353 1496 2404 et
1534 2346 1687 2404 dona
1724 2344 1915 2425 populi
1955 2345 2039 2404 tui
2079 2342 2414 2416 sanctificet,
2443 2352 2506 2403 et
2542 2364 2636 2402 su·

1433 2425 1716 2483 mentium
1785 2425 1955 2484 corda
2020 2423 2272 2504 placatus
2342 2422 2634 2482 emundet.

1434 2500 1567 2563 Per.
1646 2502 1940 2580 Ejusdem.

1519 2579 1905 2640 0mnmwniv.⁶

1505 2657 1739 2729 Spiritus
1756 2656 1850 2738 qui
1865 2673 1900 2711 a
1916 2655 2079 2710 Patre
2096 2653 2349 2727 prooedit,
2369 2653 2636 2727 alleluya:

1433 2726 1529 2782 ille
1554 2744 1639 2782 me
1662 2727 1991 2796 clarificabit,
2017 2725 2269 2797 alleluya,
2295 2725 2548 2797 alleluya.

1510 2799 1987 2857 Postcommwnio.

1499 2877 1733 2936 Mentes
1748 2883 1985 2948 nostrae,
2002 2890 2346 2952 quaesumuS,
2365 2873 2632 2946 Domine,

1432 2954 1682 3033 Spiritus
1709 2952 1944 3013 Sanetus
1963 2953 2169 3011 divinis
2194 2959 2422 3030 reparet
2448 2971 2633 3011 saera-

1431 3033 1658 3106 mentis,
1680 3033 1849 3112 quiai
1976 3040 2064 3092 est
2089 3030 2348 3091 remissio
2376 3030 2632 3089 omnium

1430 3121 1806 3191 peecatorum.
1912 3130 1976 3170 er
2001 3109 2331 3169 Dominum.
2403 3106 2478 3166 In
2504 3108 2632 3167 uni-

1429 3198 1552 3251 tate
1578 3190 1851 3271 ejusdem.

1534 3427 1751 3502 Feria
1788 3436 2049 3525 quarta
2104 3425 2426 3516 Quatuo‘r
2469 3434 2632 3497 tem-

1618 3554 1713 3602 m.

1501 3625 1639 3684 Non
1654 3626 1870 3685 dicitur
1890 3624 2013 3683 alia
2032 3643 2242 3700 mayna
2261 3621 2436 3680 missa
2456 3640 2627 3698 quam

1428 3703 1499 3761 cle
1531 3704 1773 3780 jejuniO,
1814 3724 1913 3762 ‘nee
1950 3703 2018 3760 in
2052 3711 2202 3761 sexta
2225 3700 2387 3777 feria
2424 3720 2522 3758 nec
2560 3699 2630 3757 in

1427 3782 1671 3853 sabbato,
1698 3782 2000 3841 secundum
2025 3800 2190 3838 usum
2220 3778 2449 3838 Sarum.

1510 3859 1620 3924 Ad
1644 3858 1915 3918 Missam.
1998 3857 2301 3934 Officium.⁶

1506 3939 1680 4010 DeuS,
1698 3940 1833 3996 dum
1852 3937 2201 4017 egredereris
2216 3955 2402 3995 eoram
2463 3931 2634 4012 opulo

1431 4023 1552 4089 tuo,
1574 4016 1836 4093 alleluya:
1878 4018 1992 4075 iter
2010 4014 2220 4075 faciens
2246 4016 2345 4085 eis,
2363 4013 2414 4071 al
2441 4013 2626 4091 eluya:

1429 4093 1694 4154 habitans
1720 4095 1780 4152 in
1808 4094 1936 4167 illis,
1964 4092 2219 4171 alleluya,
2248 4092 2506 4169 alleluya.

1430 4210 1461 4250 (ἰ
1497 4210 1697 4265 Johan.
1723 4227 1836 4281 eap.
1865 4226 1951 4263 xv.
1981 4210 2053 4281 (v.
2082 4209 2168 4279 26,
2197 4209 2303 4265 xvi.
2335 4209 2445 4282 14.)

1433 4291 1459 4320 θ
1496 4281 1583 4336 Ps.
1611 4280 1761 4335 lxvii.
1789 4279 1981 4351 (lxviii.
2011 4279 2085 4351 7.)

1414 4447 1466 4519 Ἰ·
1490 4464 1610 4512 μου
1634 4445 1799 4500 habet
1821 4444 1983 4501 Grad.
2018 4461 2114 4518 per
2134 4445 2418 4503 incuriam.
