2975 5009
280 237 407 302 491
444 251 610 300 nas.
634 252 808 301 rosi·
835 251 901 299 n.
930 251 996 299 x.
1025 250 1200 302 rosa·
1231 251 1420 300 rum.

1811 251 1983 301 nou.
2018 253 2114 300 xi.
2151 250 2325 301 rosa·
2359 250 2559 298 rant.
2684 233 2794 298 492

290 407 567 488 spiritale.
665 408 739 466 In
785 406 1018 468 Christo
1069 407 1213 467 Jem
1257 409 1506 467 Domino
1616 408 1810 467 veniat
1835 409 2017 469 invos
2041 408 2346 500 repentina
2369 407 2496 466 dies
2520 405 2652 465 illa:
2690 415 2797 463 tan·

290 498 505 547 nostro.

367 564 753 641 Evanyelium
778 587 797 622 .·
841 562 1161 623 &cundum
1190 561 1464 623 Lucanus*

373 645 449 703 In
476 644 575 702 illo
610 654 891 721 tempore,
920 643 1093 701 Dixit
1130 642 1175 700 J
1177 663 1305 701 esus
1332 642 1500 700 disci-

289 722 439 803 pulis
477 722 631 793 suis;
685 721 993 801 Attendite
1034 721 1208 792 vobis,
1237 740 1310 779 ne
1348 719 1500 781 forte

289 812 603 881 graventur
641 800 812 858 corda
849 809 1039 858 vestra
1070 799 1131 856 in
1170 798 1401 878 crapula
1438 810 1500 859 et

291 881 570 940 ebrietate
585 888 646 938 et
664 879 814 937 curis
839 877 1010 956 hujus
1034 877 1195 937 vitre:
1223 888 1283 937 et
1301 898 1500 957 super-

1614 506 1786 564 quam
1840 487 2070 578 laqueus
2130 507 2288 546 emm
2341 486 2705 564 superveniet
2747 485 2798 540 in

1611 585 1811 624 omnes
1835 586 1936 644 qm
1961 565 2163 624 sedent
2197 585 2370 643 super
2409 565 2612 623 taciem
2637 562 2800 623 omnis
2847 598 2854 605 -

1611 652 1806 703 terrae.
1893 642 2145 724 Vigilate
2174 643 2383 720 itaque,
2412 652 2639 701 orantes
2663 642 2799 700 omni

1611 731 1871 801 tempore
1917 733 1983 782 ut
2035 722 2197 800 digni
2250 721 2581 780 habeamini
2626 720 2801 798 sugere

1611 800 1723 859 ista
1756 802 1950 860 omnia
2028 820 2117 858 uae
2154 801 2350 859 futura
2387 810 2545 870 sunt,
2574 811 2635 859 et
2671 810 2803 857 stare

1610 888 1747 938 ante
1773 878 1984 939 Filium
2080 879 2303 938 ominis.

760 1128 1146 1202 Dominica
1225 1129 1620 1203 Undecima
1674 1143 1840 1226 post
1912 1132 2355 1205 Trinitatem.

370 1315 480 1372 Ad
504 1314 767 1373 Missam.
856 1311 1167 1390 Officium?

370 1394 529 1452 Deus
555 1394 615 1451 in
658 1392 781 1451 loco
818 1401 1015 1450 sancto
1052 1409 1172 1463 suu,
1200 1390 1359 1450 Deus
1396 1391 1496 1470 qui

289 1471 615 1532 inhabitare
654 1471 790 1530 facit
834 1469 1134 1528 unanimes
1176 1470 1236 1525 in
1284 1469 1493 1529 domo:

289 1551 307 1608 i
461 1551 622 1609 dabit
667 1551 941 1608 virtutem
989 1557 1047 1608 et
1099 1546 1494 1607 fortitudinem

290 1649 328 1708 p
353 1629 445 1688 ebi
470 1649 606 1688 suae.

372 1705 692 1765 Psalmus.⁶

361 1784 632 1855 Exsurgat
667 1783 813 1837 Deus
833 1786 891 1836 et
925 1780 1256 1853 dissipentur
1289 1779 1499 1835 inimici

289 1855 410 1926 ejus
449 1874 462 1910 ε
506 1863 564 1909 et
602 1855 820 1926 fugiant
869 1854 966 1925 qui
1013 1856 1244 1907 oderunt
1291 1868 1416 1906 eum
1462 1869 1500 1905 a

289 1925 426 1982 facie
448 1926 497 1997 ej
506 1944 583 1980 us.

375 1997 594 2057 Oratio.

373 2076 550 2148 Deus,
569 2074 668 2153 qui
689 2072 1160 2152 omnipotentiam
1181 2079 1338 2128 tuam
1368 2091 1497 2149 par-

295 2156 477 2215 cendo
529 2154 780 2211 maxime
828 2162 889 2211 et
938 2149 1260 2208 miserando
1312 2151 1499 2207 mani-

290 2234 507 2293 festas:
550 2228 862 2308 multiplica
905 2247 1073 2306 super
1113 2245 1217 2284 nos
1254 2228 1498 2304 gratiam

295 2322 472 2383 tuam,
512 2316 578 2367 ut
621 2309 694 2366 ad
732 2316 833 2365 tua
870 2306 1146 2385 promissa
1185 2314 1499 2377 currentes,

296 2388 605 2449 coelestium
660 2388 934 2444 bonorum
981 2382 1148 2443 facias
1194 2403 1314 2442 esse
1366 2404 1498 2443 con-

296 2478 496 2529 sortes.
577 2464 692 2523 Per
720 2463 1051 2522 Dominum.

375 2545 485 2604 Ad
515 2541 880 2603 emathios}

391 2625 645 2694 Fratres,
681 2620 909 2679 Notum
952 2620 1109 2679 vobis
1148 2617 1291 2678 facio
1330 2639 1499 2677 evan-

293 2702 505 2785 gelium
546 2701 698 2781 quod
730 2700 1035 2779 praedicavi
1063 2699 1235 2769 vobis,
1263 2699 1413 2775 quod
1441 2708 1503 2756 et

294 2781 608 2862 accepistiS,
636 2781 695 2837 in
723 2798 834 2856 quo
854 2787 914 2838 et
933 2777 1111 2849 statis,
1140 2797 1245 2856 per
1270 2777 1419 2852 quod
1439 2783 1502 2834 et

294 2860 625 2922 salvamini:
676 2877 787 2936 qua
819 2858 1040 2915 ratione
1075 2854 1500 2933 praedicaverim

301 2942 473 3013 vobis,
500 2940 546 2998 si
587 2937 815 3008 tenetis,
843 2935 950 2993 nisi
980 2934 1193 2992 frustra
1229 2933 1500 2992 credidis-

297 3020 391 3080 tis.
491 3015 725 3077 Tradidi
779 3015 933 3073 enim
976 3012 1132 3070 vobis
1184 3012 1246 3070 in
1299 3011 1501 3088 primis

338 3098 448 3156 uod
501 3105 560 3156 et
610 3093 798 3173 accepi
836 3115 851 3153 ε
917 3093 1184 3170 quoniam
1236 3088 1500 3150 Christus

297 3118 466 3237 ffeSus
493 3184 750 3234 mortuus
777 3181 863 3231 est
890 3190 996 3250 pro
1021 3168 1263 3249 peccatis
1292 3168 1501 3226 nostris

298 3255 605 3316 secundum
636 3252 982 3330 Scripturas:
1024 3259 1085 3310 et
1100 3248 1233 3328 quia
1250 3246 1501 3325 sepultus

299 3343 407 3406 est,
448 3341 510 3392 et
547 3332 680 3409 quia
717 3328 1034 3388 resurrexit
1071 3327 1247 3387 tertia
1286 3327 1380 3384 die
1411 3345 1501 3384 se-

299 3413 548 3473 cundum
577 3410 933 3488 Scripturas:
978 3415 1037 3464 et
1075 3406 1210 3483 quia
1239 3404 1384 3460 visus
1411 3410 1500 3462 est

302 3491 534 3570 Cepha),
588 3496 649 3546 et
699 3495 830 3565 post
881 3497 906 3525 ⁰
943 3483 1067 3542 hoec
1106 3495 1131 3524 Θ
1182 3480 1495 3571 undecim-2

298 3570 505 3630 deinde
531 3568 679 3625 visus
706 3573 793 3625 est
824 3561 951 3643 plus
976 3581 1144 3639 quam
1173 3574 1499 3637 quingentis

297 3648 566 3707 fratribus
605 3643 804 3702 simul:
854 3662 928 3701 ex
955 3640 1159 3718 quibus
1188 3637 1353 3695 multi
1381 3658 1498 3695 ma-

297 3734 440 3787 nent
448 3745 623 3804 usque
633 3722 834 3792 adhuc,
844 3718 1071 3798 quidam
1085 3724 1276 3774 autem
1288 3715 1449 3775 dorm
1455 3717 1499 3772 i-

298 3814 497 3867 erunt:
537 3802 745 3862 deinde
767 3800 913 3863 visus
935 3805 1024 3856 est
1037 3796 1080 3854 J
1080 3797 1270 3866 ambo,
1291 3793 1500 3854 deinde

298 3883 566 3966 apostolis
605 3881 898 3940 omnibus:
962 3873 1262 3933 novissime
1304 3884 1498 3932 autem

297 3964 572 4034 omniurn,
600 3969 870 4035 tanquam
910 3953 1182 4024 abortiVO,
1222 3951 1372 4010 visus
1412 3960 1500 4009 est

298 4052 360 4104 et
410 4040 571 4102 mihi.
679 4037 803 4114 Ego
856 4033 1010 4092 enim
1056 4051 1182 4091 sum
1229 4030 1499 4089 minimus

295 4202 326 4305 ἶ
360 4179 1144 4327 &P'1}{ii.⁸}i}{izff⁴{3‹{')35.)

292 4347 323 4444 <l
359 4327 634 4456 ilbmvadr)
655 4417 717 4454 ca
756 4441 765 4452 .
793 4414 878 4451 xv.
908 4397 976 4450 A,
1007 4396 1077 4466 (v.
1109 4392 1288 4463 1-10.)

718 4416 752 4471 P

1608 1314 2014 1393 apostolorum,
2042 1317 2140 1393 qui
2178 1335 2294 1373 non
2327 1336 2455 1374 sum
2491 1315 2694 1394 dignus
2724 1332 2803 1372 vo-

1608 1395 1724 1451 cari
1740 1393 2044 1473 apostolus,
2060 1395 2330 1473 quoniam
2346 1403 2679 1473 persecutus
2696 1412 2801 1449 sum

1608 1472 1923 1531 Ecclesiam
1942 1472 2074 1533 Dei.
2130 1471 2336 1530 Gratia
2349 1482 2550 1532 autem
2571 1471 2678 1530 Dei
2696 1491 2802 1529 sum

1610 1551 1670 1608 id
1691 1551 1843 1687 qugd
1863 1571 2011 1625 sum,
2031 1559 2093 1612 et
2108 1551 2298 1630 gratia
2317 1552 2441 1631 ejus
2458 1552 2523 1608 in
2544 1571 2637 1609 me
2653 1567 2800 1608 vacua

1609 1649 1725 1688 non
1815 1630 1881 1688 it.

1693 1706 1995 1766 Gradale.¹

1681 1783 1754 1838 In
1780 1784 1893 1838 Deo
1916 1783 2153 1855 speravit
2179 1801 2271 1838 cor
2305 1801 2489 1838 meum
2516 1788 2575 1839 et
2606 1782 2808 1854 adjutus

1610 1872 1749 1924 sum,
1776 1860 1833 1909 et
1856 1855 2100 1909 refloruit
2122 1872 2246 1908 caro
2269 1873 2393 1910 mea
2418 1876 2431 1908 :
2458 1861 2517 1910 et
2548 1873 2615 1909 ex
2638 1854 2807 1908 volun-

1610 1931 1727 1981 tate
1749 1943 1872 1980 mea
1893 1925 2186 1980 confitebor
2209 1925 2310 1980 illi.

1623 1997 1685 2051 V.
1789 1997 1884 2050 Ad
1930 2002 2001 2065 te,
2052 1995 2299 2064 Domine,
2347 1995 2597 2050 clamabo
2634 2016 2647 2049 ε
2683 1995 2811 2049 Deus

1611 2084 1781 2135 meus,
1808 2083 1880 2121 ne
1902 2067 2062 2120 sileas
2085 2083 2156 2120 ne
2180 2067 2424 2120 discedas
2445 2084 2482 2120 a
2507 2084 2611 2120 me.

1683 2138 1958 2209 Alleluya.
1998 2137 2059 2191 V.
2103 2137 2348 2207 Domine,
2369 2137 2643 2208 refugium
2657 2137 2812 2191 factm

1612 2225 1670 2264 es
1691 2208 1849 2263 nobis
1869 2226 1906 2262 a
1926 2207 2274 2278 generatione
2295 2214 2353 2262 ct
2373 2207 2649 2280 progenie.

1696 2280 2013 2339 Secundum
2039 2279 2310 2337 Lucam}

1694 2358 1772 2416 In
1828 2357 1926 2416 illo
1978 2366 2258 2436 tempore,
2308 2358 2481 2417 Dixit
2532 2356 2704 2417 Jesus
2750 2356 2809 2415 ad

1611 2438 1881 2514 quosdam
1898 2436 1994 2514 qui
2009 2436 2070 2494 in
2089 2456 2150 2495 se
2169 2435 2535 2495 confidebant
2550 2444 2807 2514 tanquam

1616 2516 1747 2574 ‘usti
1774 2524 1835 2575 et
1859 2516 2310 2594 aspernabantur
2334 2524 2554 2573 ceteros
2593 2517 2810 2593 parabo-

1603 2537 1728 2650 lam
1769 2593 1955 2664 istam,
1984 2593 2216 2665 dicens3
2266 2594 2396 2651 Duo
2434 2592 2700 2651 homines
2735 2610 2808 2651 as·

1612 2672 1929 2731 cenderunt
1980 2672 2039 2729 in
2087 2671 2367 2751 templum
2420 2680 2490 2730 ut
2544 2683 2808 2731 orarent:

1612 2769 1759 2808 unus
1814 2749 2137 2810 Pharisaeus
2177 2759 2237 2809 et
2281 2749 2427 2809 alter
2473 2749 2809 2828 publicanus.

1615 2827 1938 2888 Pharisaeus
1968 2838 2163 2887 autem
2203 2839 2358 2886 stans
2403 2827 2532 2887 haec
2572 2830 2726 2920 apud
2760 2847 2811 2885 se

1612 2909 1845 2968 orabat:
1903 2909 2078 2978 Deus,
2117 2908 2328 2986 gratias
2372 2926 2481 2986 ago
2519 2905 2650 2978 tib1,
2696 2906 2814 2984 quia

1612 3006 1725 3043 non
1768 3006 1893 3045 sum
1934 2986 2076 3044 sicut
2114 2986 2291 3044 ceteri
2330 2984 2653 3057 hominum,
2695 3005 2813 3075 rap·

1611 3073 1782 3136 tores,
1812 3065 2029 3143 injusti,
2050 3064 2314 3136 adulteri,
2342 3064 2501 3122 velut
2526 3065 2706 3122 etiam
2732 3063 2815 3122 hle

1651 3142 1955 3201 ublicanus.
2056 3143 2272 3220 Jejuno
2319 3143 2405 3202 bis
2444 3142 2504 3200 in
2546 3145 2812 3202 sabbato:

1652 3221 1856 3280 ecimas
1909 3221 1982 3279 do
2047 3222 2300 3278 omnium
2345 3239 2477 3297 quae
2541 3221 2812 3299 possiden.

1611 3298 1692 3357 Et
1729 3297 2060 3377 publicanus
2099 3318 2135 3356 a
2174 3299 2265 3356 lon
2311 3319 2342 3357 e
2382 3308 2562 3369 stans,
2598 3299 2815 3358 nolebat

1613 3397 1718 3436 nec
1743 3378 1815 3435 ad
1842 3375 2043 3435 coelum
2072 3376 2258 3435 oculos
2307 3397 2473 3436 evare
2497 3397 2511 3435 ε
2556 3377 2658 3436 sed
2689 3397 2811 3456 per-

1610 3455 1860 3515 cutiebat
1905 3463 2104 3535 pectus
2148 3476 2331 3527 suum,
2373 3456 2611 3516 dicens:
2667 3456 2813 3515 Deus

1610 3533 1889 3669 gropitius
1910 3545 2032 3593 esto
2059 3534 2200 3591 mihi
2228 3535 2535 3611 peccatori.
2621 3536 2811 3593 Amen

1651 3612 1736 3670 ico
1782 3612 1956 3685 vobiS,
2000 3614 2292 3672 descendit
2339 3612 2433 3671 hio
2479 3613 2815 3692 justificatus

1611 3691 1672 3749 in
1711 3692 1944 3749 domum
1985 3710 2144 3749 suam
2173 3693 2245 3749 ab
2286 3689 2422 3750 illo:
2464 3694 2600 3770 quia
2637 3691 2814 3751 omnis

1612 3769 1708 3846 qui
1735 3790 1796 3829 se
1823 3768 2057 3840 exaltat,
2080 3768 2472 3829 humiliabitur
2495 3791 2508 3828 :
2552 3777 2616 3831 et
2640 3770 2812 3848 quise

1613 3847 1894 3920 humiliat,
1924 3847 2289 3907 exaltabitur.

1694 3925 2109 4002 offertorium.¹¹

1684 4003 1948 4059 Exaltabo
1983 4009 2055 4074 te,
2083 4002 2328 4074 Domine,
2356 4003 2616 4074 quoniam
2655 4018 2821 4058 susce·

1614 4187 1637 4215 Θ
1674 4177 1949 4232 hoe—92.
1979 4177 2064 4231 98.
2097 4177 2156 4231 V.

1611 4248 1632 4285 f
1681 4249 1763 4302 ΡΒ.
1793 4248 1955 4302 xxvii.
1986 4248 2193 4371 ngiii.
2220 4250 2267 4315 7,
2291 4248 2337 4301 1.
2385 4249 2594 4305 lxxxix.
2623 4250 2725 4321 (xc.
2751 4246 2821 4316 1.)

1612 4329 1640 4365 8
1674 4337 1787 4391 cap.
1815 4319 1962 4372 xviii.
2042 4361 2052 4371 .
2082 4321 2154 4389 (v.
2183 4319 2339 4372 9-14.

1612 4389 1641 4426 ¹¹
1682 4390 1766 4444 Ps.
1795 4390 1941 4443 xxix.
1971 4390 2120 4460 (xxx.
2152 4390 2197 4458 1,
2225 4388 2301 4460 2.)
