2975 5009
868 161 889 206 δ

349 225 436 292 23
878 245 1232 300 nommoA
1264 243 1594 301 sncuNnA
1624 242 2014 297 Anvsivrus
2046 245 2336 299 nomm.
2786 234 2875 296 24

353 411 447 461 tus
514 404 755 482 suscepit
821 425 919 464 vos
979 406 1040 463 in
1091 406 1367 467 honorem
1422 403 1555 463 Dei.

353 480 500 539 Dico
543 482 716 553 enim,
769 482 1063 544 Christum
1115 487 1158 544 .Ῑ
1160 504 1321 546 esum
1362 485 1559 543 minis-

355 567 510 618 trum
530 559 699 619 fuisse
714 562 1142 621 circumcisionis
1199 571 1392 641 ropter
1413 566 1558 622 veri-

355 644 533 696 tatem
559 638 688 710 Dei,
715 641 786 697 ad
825 641 1137 699 confirman
1176 661 1237 699 as
1272 641 1560 720 promissi·-

358 734 494 774 ones
545 725 817 794 patrum:
885 727 1085 796 gentes
1138 725 1331 777 autem
1390 738 1560 811 super

359 793 745 853 misericordia
807 795 1087 856 honorare
1144 797 1353 868 Deum,
1419 806 1564 856 sicut

359 871 632 950 scriptum
685 882 809 933 est:
880 875 1194 952 Propterea
1246 874 1565 934 confitebor

359 950 466 1008 tibi
504 951 566 1008 in
605 949 904 1023 Gentibus,
944 952 1209 1024 Domine,
1250 961 1311 1012 et
1348 953 1565 1011 nomini

360 1037 462 1085 tuo
488 1031 741 1087 cantabo.
825 1030 907 1090 Et
931 1030 1139 1089 iterum
1176 1031 1346 1103 dicit;
1375 1031 1564 1090 Laeta-

362 1106 523 1178 mini,
572 1107 807 1180 Gentes,
856 1128 984 1166 cum
1037 1109 1200 1186 plebe
1255 1109 1393 1187 ejus.
1485 1110 1569 1167 Et

363 1183 612 1245 iterum:
654 1183 932 1258 Laudate,
959 1206 1154 1246 omnes
1181 1187 1419 1260 Gentes,
1448 1187 1568 1245 Do-

367 1261 605 1335 minum,
654 1271 714 1321 et
759 1264 1115 1343 magnificate
1182 1286 1330 1337 eum,
1374 1284 1570 1323 omnes

367 1339 593 1416 populi:
651 1350 711 1399 et
751 1359 975 1399 rursum
1021 1342 1211 1401 Esaias
1263 1344 1379 1403 ait:
1436 1343 1570 1401 Erit

366 1418 533 1473 radix
578 1418 621 1477 J
622 1438 762 1492 esse,
816 1428 876 1478 et
926 1421 1022 1496 qui
1062 1431 1331 1500 exsurget
1367 1441 1569 1498 regere

372 1494 624 1568 Gentes3
676 1499 736 1554 in
790 1517 920 1556 eum
974 1497 1188 1558 Gentes
1240 1501 1566 1577 sperabunt.

368 1571 525 1631 Deus
576 1582 768 1635 autem
820 1576 941 1666 spei
992 1578 1210 1656 repleat
1261 1596 1361 1635 vos
1412 1576 1571 1635 omni

368 1652 576 1728 gaudio
600 1660 661 1712 et
685 1674 823 1733 pace
849 1674 910 1710 1n
929 1656 1246 1715 credendo:
1301 1662 1368 1713 ut
1391 1657 1571 1713 abun-

373 1729 519 1865 ᾱθῐίίἶε
544 1730 619 1864 ini
634 1750 732 1866 spes
761 1740 820 1791 et
843 1732 1056 1792 virtute
1083 1734 1331 1811 Spiritus
1358 1732 1570 1792 Sancti.

509 1830 575 1865 ra
619 1829 656 1864 a
710 1853 723 1867 .

442 1883 527 1937 Ex
568 1884 698 1938 Sion
736 1886 934 1957 species
970 1887 1172 1941 decoris
1212 1886 1332 1958 ejus
1374 1907 1386 1941 :
1428 1888 1574 1942 Deus

369 1962 398 1992 ⁸
415 1960 635 2008 nostera
669 1956 950 2010 manifeste
975 1956 1202 2012 veniet.b

383 2025 456 2077 V.
531 2025 861 2096 Congregate
898 2026 983 2079 illi
1022 2033 1234 2082 sanctos
1272 2027 1393 2098 ejus
1429 2048 1442 2079 ε
1478 2029 1574 2097 qui

369 2093 756 2151 ordinaverunt
806 2102 1193 2153 testamentum
1245 2099 1364 2169 ejus
1414 2115 1576 2171 super

369 2164 674 2219 sacrificia.0
740 2165 1012 2238 Alleluya.

382 2235 440 2288 V.
515 2234 758 2289 Virtutes
781 2237 900 2291 coeli
925 2240 1286 2293 movebuntur
1314 2258 1325 2291 ε
1351 2243 1407 2293 et
1442 2244 1576 2294 tunc

368 2305 631 2358 videbunt
669 2305 872 2359 Filium
897 2307 1152 2362 Hominis
1174 2308 1477 2363 venientem
1514 2310 1576 2362 in

368 2375 615 2499 Ῑῶηὔίὺὲῗί
626 2376 748 2431 coeli
769 2390 893 2431 cum
929 2384 1190 2450 potestate
1213 2385 1269 2434 et
1292 2380 1576 2452 majestate

370 2613 425 2651 a.
456 2525 818 2673 Regurixtanm
864 2597 1209 2676 sempiterna
1259 2618 1364 2676 per
1413 2598 1577 2657 saecla

459 2681 787 2751 susceptura
839 2675 887 2732 b.
940 2675 1132 2735 concio
1184 2678 1391 2736 devota
1440 2698 1577 2736 con-

367 2849 412 2886 c.
457 2770 667 2964 (ξίῗξὲἆ
716 2849 854 2890 sono
907 2830 954 2888 b.
1010 2831 1233 2891 Factori
1286 2832 1575 2893 reddendo

366 2984 422 3041 cl.
458 2915 839 3074 Cgilgsstilant
864 2986 1090 3077 agmina
1113 2988 1321 3061 coelica‚

467 3083 585 3139 eJus
610 3064 768 3123 vultu
796 3063 1147 3126 exhilarata:

369 3139 423 3196 cl.
465 3141 651 3208 Quem
679 3150 984 3219 expectant
1011 3144 1200 3201 omnia
1225 3152 1415 3204 terrea

368 3318 395 3353 e
458 3219 590 3355 Ejus
608 3228 751 3355 nugi
772 3221 1179 3356 θῇῐηὶῐὲᾳηρω

368 3339 411 3430 e:
457 3318 811 3434 Cllgrrlgiitessi
840 3376 899 3433 in
913 3318 1215 3454 'gloggiigt’iaz

352 3450 406 3526 f.
464 3453 588 3510 Tua
613 3472 715 3510 nos
740 3452 906 3526 salva,
933 3452 1175 3526 Christe,
1202 3453 1502 3514 clementia

462 3538 697 3608 propter
722 3551 858 3608 quos
884 3551 1076 3609 passus
1108 3553 1167 3591 es
1192 3534 1333 3590 dira.

353 3606 407 3683 f.
465 3609 565 3665 Ad
593 3606 705 3686 poli
733 3618 885 3667 astra
910 3608 1137 3667 subleva
1164 3612 1344 3669 nitida

463 3685 560 3762 qui
584 3686 751 3745 sorde
776 3687 953 3765 tergis
978 3686 1196 3746 saecula.

367 3784 418 3838 9.
463 3763 678 3821 Influat
702 3763 847 3822 salus
873 3785 1007 3823 vera

462 3841 716 3920 effugans
743 3842 1006 3921 pericula.

367 3939 418 3992 9.
469 3920 679 3978 Omnia
703 3930 769 3978 ut
794 3921 909 3979 sint
934 3921 1147 3980 munda

463 3998 649 4057 tribue
676 3998 923 4077 pacifica.

369 4122 398 4151 ⁸
431 4112 581 4167 deest
602 4113 665 4166 in
688 4113 849 4185 Vulg.
878 4115 962 4170 98.
993 4116 1076 4170 13.

369 4185 397 4222 b
433 4184 520 4237 Ps.
549 4184 680 4238 xlix.
707 4184 781 4308 (ll.
808 4186 857 4255 2,
888 4185 962 4258 3.)

369 4266 393 4294 0
431 4254 517 4308 Ps.
544 4254 674 4309 xlix.
703 4256 726 4326 (
750 4298 760 4309 .
789 4256 864 4339 5.)

369 4326 395 4363 d
434 4324 596 4380 Lucae
619 4342 733 4394 cap.
760 4344 869 4380 xxi.
899 4328 968 4398 (v.
997 4326 1081 4395 26,
1108 4328 1222 4400 27.)

368 4407 391 4433 θ
428 4412 541 4467 cap.
568 4396 676 4449 xxi.
706 4396 764 4450 Ε.
794 4397 863 4467 (v.
891 4397 1111 4519 25-33g

367 4467 386 4506 ¹
420 4467 819 4524 conversus—8.
852 4468 933 4523 13.
966 4468 1047 4522 15.
1114 4470 1158 4524 7.
1188 4473 1571 4525 convertens—

1669 404 1722 461 k.
1767 402 1853 462 Ut
1880 404 1971 462 hic
1997 413 2096 463 tua
2119 404 2255 463 salvi
2284 403 2682 477 misericordia,

1670 482 1724 539 h.
1767 482 1917 540 Laeti
1945 503 2120 561 regna
2145 492 2271 561 post
2295 483 2560 541 adeamus
2586 502 2807 559 supera,

1670 560 1714 616 i.
1773 560 1903 627 Quo
1928 580 1991 618 re
2033 581 2131 618 nas
2156 560 2353 619 saecula
2382 581 2485 638 per
2501 560 2747 618 infinita.

1748 638 1982 714 Evanqe
2004 639 2143 696 imn.
2231 637 2549 696 Secumdum
2574 637 2840 696 laneam!

1755 716 1830 773 In
1856 715 1954 774 illo
1978 727 2254 793 tempore,
2290 716 2461 775 Dixit
2497 715 2667 775 Jesus
2707 716 2879 775 disci-

1674 794 1821 872 pulis
1848 794 1980 865 suis,
2009 795 2203 854 Erunt
2236 795 2399 873 signa
2422 794 2483 851 in
2510 792 2626 852 sole
2654 803 2714 853 et
2741 794 2879 851 luna

1676 882 1736 931 et
1751 870 1945 943 stellis,
1964 880 2024 931 et
2043 873 2104 930 in
2124 874 2292 931 terris
2308 892 2569 950 pressura
2583 871 2876 942 Gentium,

1677 970 1799 1028 prae
1836 949 2157 1010 confusione
2183 950 2398 1010 sonitus
2436 950 2608 1007 maris
2639 958 2701 1008 et
2739 949 2880 1008 fluc-

1677 1037 1866 1102 tuum3
1899 1028 2278 1088 arescentibus
2304 1026 2622 1087 hominibus
2658 1047 2779 1106 pree
2804 1028 2881 1087 ti-

1679 1126 1837 1165 more
1847 1115 1906 1165 et
1923 1105 2331 1185 expectatione,
2342 1124 2471 1196 quse
2477 1106 2880 1184 supervenient

1679 1183 1940 1243 universo
1972 1185 2131 1243 orbiz
2174 1204 2305 1241 nam
2331 1191 2571 1242 virtutes
2608 1182 2878 1242 coelorum

1681 1264 2074 1321 movebuntur.
2117 1262 2197 1320 Et
2215 1269 2352 1319 tunc
2372 1262 2643 1320 videbunt
2670 1260 2877 1320 Filium

1680 1338 1950 1398 Hominis
1988 1339 2309 1400 venientem
2335 1339 2398 1396 in
2426 1341 2577 1399 nube
2611 1360 2739 1397 cum
2854 1371 2882 1383 -

1681 1425 1888 1477 testate
1948 1438 2155 1495 magna
2220 1425 2282 1476 et
2339 1418 2659 1495 majestate.
2837 1418 2849 1430 ‘

1680 1504 1872 1554 autem
1912 1495 2039 1554 fieri
2066 1495 2484 1574 incipientibuS,
2511 1494 2791 1573 respicite,
2820 1503 2885 1554 et

1682 1572 1865 1633 levate
1896 1573 2081 1651 capita
2111 1582 2328 1633 vestra:
2371 1573 2637 1650 quoniam
2675 1593 2749 1651 ap
2789 1592 2884 1630 ro·

1683 1651 1919 1742 pinquat
1963 1651 2282 1729 redemptio
2333 1659 2536 1709 vestra.
2616 1651 2698 1710 Et
2772 1651 2887 1709 ixit

1683 1728 1795 1787 1llis
1823 1729 2284 1790 similitudinemx
2343 1727 2556 1789 Videte
2582 1728 2885 1788 ficulneam

1684 1813 1745 1865 et
1796 1826 1992 1866 omnes
2045 1810 2309 1867 arbores:
2382 1826 2512 1865 cum
2564 1806 2890 1884 producunt

1680 1885 1798 1963 jam
1852 1902 1927 1943 ex
1984 1905 2045 1944 se
2096 1885 2361 1956 fructum,
2412 1885 2567 1944 scitis
2616 1885 2888 1962 quoniam

1685 1981 1863 2041 prope
1916 1971 2003 2022 est
2055 1971 2235 2022 testas.
2347 1962 2443 2021 Ita
2495 1969 2556 2022 et
2607 1982 2703 2021 vos
2756 1983 2886 2021 cum

1686 2039 1943 2100 videritis
1994 2040 2119 2099 haec
2176 2040 2324 2112 fieri,
2367 2041 2567 2100 scitote
2619 2040 2888 2117 quoniam

1686 2138 1864 2209 prope
1903 2127 1989 2178 est
2027 2139 2266 2198 regnum
2304 2119 2434 2177 Dei.
2517 2118 2713 2176 Amen
2757 2118 2891 2177 dico

1686 2199 1863 2268 vobis,
1913 2199 2046 2274 quia
2083 2218 2197 2256 non
2238 2196 2556 2275 praeteribit
2633 2198 2893 2256 eucratio

1687 2273 1827 2345 haec,
1853 2275 2032 2334 donec
2071 2274 2260 2333 omnia
2297 2275 2459 2334 fiant.

1687 2360 1845 2411 terra
1880 2353 2240 2414 transibunt:
2287 2355 2460 2413 verba
2508 2361 2700 2411 autem
2760 2373 2895 2412 mea

1688 2449 1801 2488 non
1828 2432 2166 2490 transibunt.
2891 2446 2898 2450 ·

1772 2507 2147 2583 offertorium.

1759 2584 1916 2653 Deus,
1943 2592 2007 2638 tu
2021 2584 2043 2623 f
2066 2581 2384 2640 conversusf
2412 2583 2709 2639 vivificabis
2744 2601 2845 2639 nos
2878 2608 2890 2640 ι

1688 2659 1742 2707 et
1755 2654 1907 2725 plebs
1923 2654 2302 2710 tualaetabitur
2314 2655 2375 2708 in
2389 2661 2445 2709 te
2462 2674 2473 2707 ι
2490 2654 2709 2710 ostende
2716 2657 2893 2727 nobis,

1688 2723 1930 2794 Domine,
1948 2726 2361 2780 misericordiam
2378 2731 2549 2797 tuam,
2574 2731 2632 2780 et
2653 2726 2908 2785 salutare.
2971 2743 2972 2752 ¹

1686 2801 1844 2849 tuum
1869 2795 1941 2849 da
1963 2796 2163 2850 nobis&

1699 2860 1760 2919 V.
1832 2865 2178 2935 Benedixisti,
2206 2865 2449 2934 Domine,
2488 2870 2684 2920 terram
2717 2871 2892 2937 tuam,

1686 2935 1928 2989 avertisti
1964 2936 2332 3008 captivitatem
2369 2935 2540 2990 Jacob
2584 2955 2597 2990 ε
2635 2937 2898 2992 remisisti
2962 2955 2970 2962 ·

1686 3005 2033 3075 iniquitatem
2056 3006 2227 3078 plebis
2249 3005 2412 3061 tuae.¹¹
2969 3045 2970 3050 =

1699 3077 1760 3130 V.
1833 3076 2199 3132 Misericordia
2229 3083 2285 3131 et
2306 3077 2504 3130 veritas
2537 3076 2900 3133 obviaverunt

1686 3145 1803 3215 sibi,
1830 3146 2026 3201 veritas
2048 3148 2115 3202 de
2139 3153 2281 3202 terra
2310 3152 2430 3202 orta
2452 3152 2548 3217 est,
2587 3153 2643 3201 et
2670 3148 2901 3218 justitia

1686 3217 1753 3270 de
1773 3217 1909 3272 coelo
1935 3216 2243 3289 prospexit.¹

1769 3287 2002 3346 Secreta.

1765 3364 2013 3439 Placare,
2040 3385 2377 3443 quaesumuS,
2403 3365 2668 3437 Domine,
2703 3364 2902 3426 humi-

1685 3442 1861 3502 litatis
1905 3453 2112 3503 nostrae
2156 3444 2413 3522 precibus
2455 3451 2515 3502 et
2557 3443 2790 3517 hostiis;
2832 3456 2903 3506 et
2965 3461 2966 3466 ’

1685 3522 1779 3579 ubi
1821 3520 1975 3579 nulla
2013 3528 2323 3600 suppetunt
2356 3521 2626 3601 suffragia
2656 3524 2902 3582 merito-

1685 3620 1831 3670 rum,
1892 3600 2004 3659 tuis
2060 3600 2220 3659 nobis
2275 3619 2533 3659 succurre
2592 3599 2899 3679 praesidiis.

1686 3677 1801 3735 Per
1828 3678 2155 3735 Dominum.

1767 3753 2043 3830 Praefatio
2069 3754 2423 3832 qzootidiana.
2509 3754 2868 3814 Communia

1760 3828 2111 3901 Hierusalem,
2138 3849 2295 3902 surge
2318 3837 2374 3886 et
2396 3839 2480 3886 sta
2503 3832 2563 3886 in
2588 3832 2810 3899 excelse,
2839 3842 2903 3889 et

1685 3900 1813 4025 ¹vide
1825 3901 2222 3972 jocunditatem
2244 3919 2369 3973 quae
2392 3902 2571 3958 veniet
2594 3901 2698 3957 tibi
2721 3920 2757 3958 a
2782 3904 2903 3961 Deo

1713 3989 1794 4026 uo.

1681 4117 1769 4171 94.
1798 4117 1882 4172 98.
1910 4118 1995 4173 26.

1683 4197 1712 4234 8
1747 4188 1833 4241 Ps.
1860 4187 2060 4243 lxxxiv.
2096 4189 2301 4260 (lxxxv.
2327 4208 2375 4245 v.
2405 4190 2453 4260 6,
2489 4191 2562 4261 7.)

1684 4257 1714 4295 h
1751 4258 1878 4313 ibid.
1906 4278 1954 4314 v.
1985 4260 2033 4326 1,
2059 4260 2109 4312 2.

1683 4328 1699 4364 ί
1734 4328 1863 4383 ibid.
1891 4346 1939 4383 v.
1969 4329 2052 4398 10,
2083 4330 2166 4383 11.

1678 4398 1696 4444 J’
1735 4400 1947 4453 Baruch
1971 4399 2041 4454 iv.
2070 4401 2133 4456 G.
2162 4402 2234 4471 (v.
2265 4400 2374 4480 36.)

2664 2272 2783 2331 lum
2826 2284 2893 2334 et
2973 2335 2975 2342 ,
