2975 5009
275 237 403 304 491
440 240 611 302 nun.
630 253 803 302 ros-r
831 252 897 300 n.
926 251 991 299 x.
1020 250 1194 301 Pos‘r
1228 251 1416 301 vrum.

286 409 562 490 spiritale.

287 499 500 548 nostr0.

363 565 748 643 Evanyelium
775 588 793 623 .·
838 563 1158 624 Sectmdwm
1186 561 1459 624 Lucam*

369 647 444 705 In
472 645 571 703 illo
607 653 888 721 tempore,
915 644 1089 702 Dixit
1128 642 1172 701 J
1174 662 1301 701 esus
1330 643 1496 701 disci-

285 724 434 804 pulis
473 723 627 795 suis;
682 722 989 781 Attendite
1031 721 1203 793 vobis,
1234 741 1307 780 ne
1344 720 1497 782 forte

286 813 599 883 graventur
637 801 808 859 corda
845 809 1036 859 vestra
1068 799 1128 857 in
1167 798 1397 878 crapula
1436 809 1497 859 et

288 882 566 942 ebrietate
582 890 642 939 et
660 880 810 938 curis
837 879 1006 957 hujus
1030 878 1192 938 vites:
1221 888 1280 937 et
1299 898 1496 958 super-

1807 251 1978 301 Dou.
2013 251 2108 299 x1.
2146 250 2320 300 ros-r
2354 249 2551 298 ram.
2679 232 2796 297 492

661 409 736 467 In
781 408 1015 470 Christo
1066 408 1110 467 J
1111 428 1208 469 esu
1253 409 1501 467 Domino
1614 407 1806 469 veniat
1831 409 1892 467 in
1915 428 2011 468 vos
2037 408 2341 488 repentina
2365 407 2490 466 dies
2515 404 2645 464 illa:
2685 413 2797 462 tan-

1610 506 1781 564 quam
1836 487 2064 578 laqueus
2128 487 2283 546 enim
2336 485 2699 564 superveniet
2744 483 2796 539 in

1608 585 1806 625 omnes
1832 585 1930 645 qui
1958 565 2159 624 sedent
2194 584 2365 642 super
2404 565 2604 622 {aciem
2631 561 2799 622 omnis
2849 596 2856 605 ·

1608 652 1803 703 terres.
1889 641 2141 724 Vigilate
2169 642 2377 721 itaque,
2407 651 2633 700 orantes
2657 640 2798 699 omni

1608 730 1867 801 tempore
1914 732 1979 781 ut
2031 722 2192 800 digni
2246 720 2575 780 habeamini
2620 719 2799 796 fugere

1608 800 1719 859 ista
1754 802 1946 859 omnia
2024 820 2113 858 uae
2150 801 2345 858 futura
2383 809 2541 871 sunt,
2568 811 2630 858 et
2665 810 2801 856 stare

1607 887 1742 938 ante
1770 878 1979 939 Filium
2077 879 2299 937 ominis.

757 1129 1143 1204 Dominica
1223 1130 1618 1204 Undecima
1672 1142 1836 1226 post
1910 1132 2351 1204 Trinitatem.

367 1316 476 1374 Ad
502 1316 763 1375 Missam.
853 1312 1163 1392 Officium.¹’

368 1395 526 1454 Deus
553 1396 614 1453 in
655 1394 778 1453 loco
816 1401 1011 1452 sancto
1050 1411 1169 1464 suo,
1198 1390 1356 1450 Deus
1393 1391 1493 1470 qui

287 1474 611 1533 inhabitare
651 1472 787 1532 facit
832 1470 1130 1531 unanimes
1172 1470 1232 1527 in
1282 1470 1489 1529 domo:

287 1553 304 1610 i
348 1572 408 1612 se
459 1552 618 1611 dabit
663 1552 938 1610 virtutem
986 1558 1044 1608 et
1096 1547 1492 1609 fortitudinem

288 1574 442 1711 pIiebi
468 1651 604 1690 sues.

370 1708 690 1767 Psalmus.⁰

359 1787 630 1857 Exsurgat
664 1785 810 1839 Deus
831 1788 889 1839 et
923 1782 1254 1854 dissipentur
1287 1780 1497 1836 inimici

287 1857 407 1929 ejus
447 1876 460 1913 ς
504 1865 561 1911 et
600 1856 817 1928 fugiant
867 1855 963 1926 qui
1012 1857 1243 1908 oderunt
1289 1869 1415 1907 eum
1461 1869 1498 1906 a

287 1928 424 1984 facie
446 1928 495 1999 ej
504 1946 581 1981 us.

373 2000 592 2060 Oratio·

370 2079 547 2150 Deus,
568 2076 666 2156 qui
687 2074 1158 2154 omnipotentiam
1180 2080 1337 2129 tuam
1365 2092 1495 2150 par-

293 2159 474 2218 cendo
527 2156 778 2214 maxime
826 2163 886 2213 et
937 2150 1258 2210 miserando
1312 2152 1497 2208 mani-

287 2237 505 2296 festas:
548 2229 860 2310 multiplica
904 2250 1072 2308 super
1111 2247 1215 2286 nos
1253 2229 1497 2306 gratiam

294 2325 470 2386 tuam,
510 2319 576 2369 ut
621 2311 693 2369 ad
732 2317 831 2367 tua
869 2308 1144 2387 promissa
1184 2315 1497 2379 currenteS,

295 2391 604 2451 coelestium
659 2390 932 2447 bonorum
980 2384 1146 2444 facias
1193 2404 1313 2445 esse
1365 2405 1496 2444 con-

295 2480 494 2530 sortes.
576 2466 690 2524 Per
719 2464 1048 2523 Dominum.

374 2548 483 2606 Ad
513 2542 879 2605 Corinthios}

391 2627 643 2696 FratreS‚
681 2622 907 2681 Notum
950 2622 1108 2680 vobis
1147 2618 1289 2679 facio
1330 2640 1497 2680 evan-

292 2704 502 2787 gelium
545 2703 696 2783 quod
729 2701 1036 2782 praedicavi
1063 2700 1234 2770 vobis,
1262 2700 1412 2777 quod
1440 2709 1501 2758 et

293 2785 606 2865 accepistiS,
633 2783 694 2839 in
722 2801 833 2859 quo
853 2790 913 2840 et
931 2779 1109 2851 statis,
1138 2799 1243 2858 per
1268 2776 1417 2854 quod
1439 2785 1502 2836 et

293 2862 624 2925 salvamini:
676 2880 787 2938 qua
819 2859 1038 2917 ratione
1074 2855 1499 2935 praedicaverim

300 2945 471 3017 vobis,
499 2942 546 3000 si
586 2940 814 3011 tenetis,
843 2937 950 2996 nisi
980 2936 1192 2994 frustra
1229 2935 1499 2993 credidis-

297 3023 391 3083 tis.
491 3017 725 3079 Tradidi
778 3017 933 3075 enim
976 3014 1132 3073 vobis
1184 3013 1245 3072 in
1298 3012 1501 3090 primis

336 3101 447 3158 uod
500 3107 559 3158 et
610 3095 797 3175 accepi
835 3117 851 3155 ε
917 3094 1183 3173 quoniam
1237 3090 1499 3152 Christus

296 3121 466 3239 ἓθευει
493 3185 749 3235 mortuus
777 3183 863 3234 est
889 3192 995 3252 pro
1020 3170 1262 3250 peccatis
1291 3169 1500 3227 nostris

298 3257 606 3318 secundum
636 3254 982 3332 Scripturas:
1025 3261 1084 3312 et
1100 3250 1232 3329 quia
1250 3247 1501 3327 sepultus

299 3345 406 3408 est,
449 3343 509 3394 et
548 3333 681 3411 quia
718 3330 1034 3391 resurrexit
1074 3329 1246 3389 tertia
1286 3328 1380 3386 die
1411 3346 1501 3386 se-

299 3415 547 3475 cundum
577 3412 933 3489 Scripturas:
978 3418 1037 3466 et
1075 3408 1211 3484 quia
1238 3405 1384 3462 visus
1412 3411 1499 3464 est

302 3493 534 3572 Cephae,
589 3498 648 3548 et
699 3499 830 3566 post
881 3499 906 3527 ⁰
943 3485 1066 3544 haec
1107 3497 1131 3526 Θ
1183 3483 1495 3543 undecim:

299 3573 505 3632 deinde
533 3570 680 3628 visus
707 3575 793 3625 est
824 3564 951 3645 plus
977 3582 1144 3642 quam
1173 3561 1499 3639 quingentis

297 3650 567 3710 fratribus
606 3645 804 3704 simul:
855 3663 928 3703 ex
956 3642 1160 3720 quibus
1189 3638 1353 3698 multi
1381 3661 1498 3697 ma·

298 3737 441 3789 nent
448 3747 622 3805 usque
634 3724 835 3794 adhuc,
844 3720 1074 3800 quidam
1085 3727 1277 3777 autem
1288 3718 1500 3775 dormi-

299 3816 498 3870 erunt:
536 3804 746 3863 deinde
766 3802 914 3859 visus
936 3807 1024 3858 est
1038 3797 1082 3856 J
1082 3798 1271 3869 acobo,
1293 3795 1501 3856 deinde

298 3885 566 3969 apostolis
606 3882 899 3941 omnibus:
964 3875 1263 3935 novissime
1305 3885 1499 3933 autem

299 3966 574 4035 omnium,
600 3971 871 4037 tanquam
911 3955 1183 4026 abortivo,
1223 3954 1372 4011 visus
1413 3962 1502 4011 est

300 4054 362 4106 et
410 4042 571 4102 mihi.
680 4039 803 4116 Ego
858 4035 1010 4095 enim
1058 4053 1183 4093 sum
1230 4032 1501 4091 minimus

297 4204 326 4305 ἶ
362 4187 626 4347 ἓῖῗϊῖἷῖἐ.
641 4181 1145 4329 Εξίιὲἶίῑῗῗξέῡ.)

294 4347 324 4445 g
360 4329 635 4459 llbadvcdr)
657 4418 767 4473 cap.
796 4415 880 4453 xv.
910 4396 978 4451 A.
1010 4397 1078 4469 (v.
1111 4395 1290 4465 1-10.)

1606 1313 2010 1395 apostolorum,
2038 1317 2136 1394 qui
2175 1335 2290 1373 non
2324 1336 2452 1373 sum
2488 1314 2692 1393 dignus
2723 1331 2805 1371 vo-

1607 1395 1721 1452 cari
1738 1394 2041 1473 apostolus,
2058 1394 2326 1473 quoniam
2343 1402 2677 1472 persecutus
2695 1411 2805 1448 sum

1606 1473 1919 1532 Ecclesiam
1938 1471 2071 1533 Dei.
2127 1470 2333 1530 Gratia
2347 1481 2545 1531 autem
2566 1471 2676 1529 Dei
2696 1490 2806 1528 sum

1608 1551 1668 1608 id
1689 1552 1840 1687 qufpld
1861 1571 2007 1625 sum,
2029 1558 2089 1611 et
2106 1551 2294 1630 gratia
2314 1551 2438 1630 ejus
2456 1551 2519 1608 in
2542 1570 2636 1610 me
2653 1567 2805 1608 vacua

1609 1649 1723 1689 non
1812 1629 1878 1688 it.

1692 1706 1991 1767 Gradales

1680 1784 1752 1839 In
1778 1785 1890 1839 Deo
1914 1783 2150 1855 speravit
2178 1800 2268 1838 cor
2302 1800 2485 1838 meum
2514 1788 2570 1838 et
2604 1782 2811 1853 adjutus

1609 1873 1747 1925 sum,
1775 1861 1831 1910 et
1855 1855 2097 1909 refloruit
2120 1871 2243 1909 caro
2267 1872 2390 1910 mea
2416 1875 2429 1908 ε
2456 1861 2513 1910 et
2545 1871 2613 1908 ex
2638 1854 2808 1908 volun·

1609 1932 1726 1981 tate
1747 1943 1869 1980 mea
1891 1926 2184 1980 confitebor
2207 1924 2307 1980 illi.

1622 1998 1684 2051 V.
1788 1997 1881 2051 Ad
1929 2002 1999 2064 te,
2051 1995 2297 2064 Domine,
2346 1995 2594 2050 clamabo
2633 2015 2647 2050 z
2683 1994 2811 2048 Deus

1610 2085 1779 2136 meus,
1808 2084 1878 2122 ne
1901 2067 2059 2120 sileas
2083 2084 2153 2120 ne
2178 2066 2423 2120 discedas
2444 2085 2479 2121 a
2504 2083 2608 2120 me.

1680 2138 1956 2210 Alleluya.
1996 2137 2057 2191 V.
2102 2137 2347 2206 Domine,
2367 2137 2640 2207 refugium
2655 2136 2812 2190 factus

1610 2226 1669 2264 es
1690 2209 1847 2264 nobis
1869 2227 1903 2262 a
1925 2207 2270 2279 generatione
2293 2214 2350 2262 et
2372 2207 2647 2280 progenie.

1695 2280 2011 2339 Secundum
2037 2279 2308 2337 Lucanas

1693 2359 1771 2417 In
1826 2357 1924 2416 illo
1978 2367 2257 2435 tempore,
2306 2357 2478 2416 Dixit
2528 2356 2572 2415 J
2575 2375 2699 2416 esus
2744 2355 2808 2413 ad

1610 2438 1879 2516 quosdam
1897 2436 2069 2514 quiin
2088 2457 2150 2495 se
2168 2436 2531 2495 confidebant
2546 2443 2806 2513 tanquam

1603 2516 1746 2651 ⁴{usti
1774 2525 1833 2576 et
1858 2517 2308 2595 aspernabantur
2333 2524 2549 2573 ceteros
2587 2515 2808 2592 parabo-

1634 2615 1726 2652 am
1768 2594 1954 2666 istam,
1983 2593 2215 2666 dicens3
2266 2595 2395 2651 Duo
2432 2592 2693 2651 homiues
2728 2609 2806 2648 as·

1612 2674 1928 2732 cenderunt
1979 2673 2039 2729 in
2088 2671 2366 2750 templum
2419 2680 2487 2730 ut
2541 2678 2806 2729 orarent:

1613 2771 1758 2811 unus
1812 2749 2135 2810 Pharisaeus
2176 2758 2236 2809 et
2281 2749 2426 2809 alter
2470 2748 2806 2827 publicanus

1615 2829 1937 2888 Pharisaeus
1967 2839 2161 2888 autem
2202 2839 2357 2887 stans
2402 2827 2530 2887 haec
2569 2828 2718 2918 apud
2755 2846 2809 2884 se

1611 2911 1844 2976 orabat:
1902 2908 2077 2979 Deus,
2116 2908 2327 2986 gratias
2371 2927 2479 2986 ago
2518 2905 2645 2977 tib1,
2689 2904 2812 2983 quia

1612 3007 1727 3045 non
1768 3007 1892 3045 sum
1934 2987 2076 3044 sicut
2115 2986 2289 3045 ceteri
2329 2984 2647 3056 hominum,
2689 3003 2810 3074 rap·

1611 3075 1782 3136 tores,
1810 3064 2029 3143 injusti,
2050 3063 2313 3136 adulteri,
2341 3063 2500 3122 velut
2524 3064 2698 3122 etiam
2726 3062 2813 3120 hlc

1610 3144 1954 3223 publicanus
2056 3143 2272 3221 Jejuno
2318 3143 2405 3201 bis
2444 3143 2504 3200 in
2544 3144 2809 3202 sabbato:

1610 3222 1855 3281 decimas
1907 3221 1982 3280 do
2048 3222 2299 3279 omnium
2345 3240 2477 3298 quae
2539 3220 2809 3299 possideo.

1610 3300 1692 3359 Et
1729 3299 2060 3380 publicanus
2099 3319 2135 3357 a
2173 3298 2266 3358 lon
2311 3320 2342 3358 e
2382 3308 2561 3369 stans,
2597 3298 2813 3358 nolebat

1614 3399 1718 3438 nec
1744 3380 1815 3437 ad
1843 3377 2042 3437 coelum
2073 3377 2258 3436 oculos
2308 3398 2473 3437 evare
2498 3399 2511 3434 ε
2556 3378 2656 3436 sed
2689 3396 2808 3456 per·

1610 3457 1860 3517 cutiebat
1907 3464 2103 3536 pectus
2148 3476 2331 3527 suum,
2373 3456 2611 3516 dicens:
2665 3454 2810 3514 Deus

1611 3535 1890 3614 propitius
1911 3546 2032 3594 esto
2059 3534 2200 3593 mihi
2229 3535 2535 3612 peccatori.
2622 3536 2807 3592 Amen

1611 3614 1737 3671 dico
1782 3613 1957 3685 vobis,
2001 3615 2293 3673 descendit
2340 3612 2432 3671 hic
2480 3613 2811 3691 justificatus

1611 3693 1673 3750 in
1712 3694 1945 3751 domum
1986 3712 2145 3750 suam
2173 3693 2245 3749 ab
2286 3688 2422 3750 illo:
2466 3693 2600 3770 quia
2636 3690 2810 3750 omnis

1613 3771 1709 3847 qui
1736 3790 1796 3830 se
1824 3769 2058 3842 exaltat,
2080 3768 2509 3829 humiliabitur:
2553 3777 2615 3830 et
2638 3769 2809 3848 quise

1613 3848 1895 3922 humiliat,
1925 3848 2289 3909 exaltabitur.

1695 3926 2109 4003 Offlrtorium.¹²

1685 4005 1951 4061 Exaltabo
1985 4011 2055 4076 te,
2085 4003 2329 4073 Domine,
2357 4003 2615 4074 quoniam
2652 4018 2818 4057 susee-

1615 4188 1638 4217 Θ
1676 4178 1950 4234 hoc—92.
1980 4178 2064 4232 98.
2098 4178 2157 4231 V.

1613 4250 1633 4287 f
1682 4251 1764 4304 ΡΒ.
1794 4248 1957 4304 xxvii.
1987 4249 2194 4372 ngiii.
2220 4249 2267 4315 7,
2293 4249 2338 4301 1.
2387 4249 2594 4305 lxxxix.
2622 4249 2723 4319 (xc.
2749 4246 2818 4317 1.)

1614 4331 1641 4367 8
1676 4339 1790 4392 cap.
1817 4320 1964 4375 xviii.
2044 4363 2053 4373 .
2083 4321 2155 4390 (v.
2184 4319 2339 4372 9-14.

1614 4391 1642 4429 ¹¹
1683 4393 1768 4446 Ps.
1797 4392 1943 4446 xxix.
1973 4391 2121 4463 (xxx.
2153 4391 2198 4459 1,
2226 4389 2303 4461 2.)
