2975 5009
321 236 449 306 267

319 410 717 470 tentationem.
781 410 1026 490 Spiritus
1046 409 1277 488 quidem
1340 427 1533 486 romp-

320 496 412 548 tus
431 497 535 561 est,
552 509 681 548 caro
696 497 885 549 autem
908 488 1157 547 infirma.
1206 508 1283 545 m.
1342 495 1531 545 terum

320 567 564 626 aecundo
578 567 738 642 abiit,
760 575 819 627 et
839 566 1021 627 oravit
1035 567 1230 626 dicens
1249 586 1264 637 ;
1286 567 1333 624 b.
1355 565 1531 625 Pater

321 645 421 717 mi,
468 645 517 704 si
564 666 677 704 non
714 653 903 738 potest
955 644 1049 704 hic
1092 643 1240 704 calix
1286 644 1530 703 transire

321 723 431 783 nisi
484 723 670 783 bibam
719 722 898 797 illum,
953 723 1059 784 fiat
1103 722 1361 781 voluntas
1411 731 1529 781 tua.

320 821 396 860 m.
425 802 507 861 Et
529 802 684 862 venit
702 804 931 873 iterum,
952 810 1014 862 et
1038 800 1258 861 invenit
1285 820 1377 860 eos
1396 800 1533 858 dor-

321 879 595 940 mientes:
626 891 792 940 erant
827 882 982 941 enim
1010 878 1154 939 oculi
1181 898 1376 938 eorum
1401 898 1531 958 gra·

319 958 454 1017 vati.
536 958 616 1018 Et
641 959 852 1019 relictis
880 957 1006 1031 illis,
1034 958 1243 1018 iterum
1281 958 1441 1030 abiit,
1471 965 1533 1016 et

320 1037 503 1096 oravit
544 1038 735 1110 tertio,
778 1037 1021 1098 eundem
1076 1054 1396 1095 sermonem
1443 1034 1532 1092 di-

321 1134 474 1175 cens.
569 1116 731 1175 'l'unc
768 1115 922 1175 venit
949 1114 1020 1173 ad
1045 1112 1345 1205 discipulos
1382 1132 1531 1184 suos,

321 1200 382 1253 et
408 1193 560 1253 dixit
600 1193 747 1267 illi's3
799 1195 847 1253 b.
877 1192 1142 1252 Dormite
1178 1212 1299 1271 Jam
1339 1200 1400 1251 et
1437 1212 1532 1251 re-

321 1271 621 1349 quiescite:
677 1292 803 1332 ecce
849 1290 1029 1351 appro
1070 1270 1325 1348 inquabit
1369 1269 1531 1343 hora,

321 1358 383 1410 et
409 1350 586 1410 Filius
622 1350 891 1410 Hominis
1062 1357 1191 1409 etur
1230 1349 1289 1406 in
1332 1368 1532 1408 manus

323 1438 699 1507 peccatorum.
757 1428 1005 1507 Surgite,
1029 1447 1253 1487 eamus:
1283 1446 1409 1487 ecce
1427 1446 1530 1506 ap-

323 1526 428 1587 pro
471 1507 724 1584 inquabit
741 1507 835 1585 qui
855 1527 949 1568 me
967 1506 1175 1565 tradet.
1218 1525 1292 1564 m.
1319 1505 1532 1563 Adhuc

323 1605 392 1646 eo
444 1593 708 1663 oquente,
751 1605 876 1645 ecce
903 1584 1085 1644 Judas
1114 1603 1257 1642 unus
1283 1583 1355 1643 de
1390 1583 1529 1641 duo-

322 1663 507 1724 decim
547 1664 723 1737 venit,
759 1672 818 1723 et
856 1684 984 1722 cum
1028 1682 1096 1723 eo
1141 1663 1311 1720 turba
1351 1660 1532 1720 multa

323 1762 452 1802 cum
478 1741 680 1821 gladiis
708 1751 766 1803 et
793 1741 1050 1814 fustibus,
1078 1741 1233 1800 missi
1260 1760 1295 1799 a
1319 1739 1530 1819 princi-

322 1821 486 1900 pibus
512 1823 863 1881 sacerdotum
893 1830 952 1879 et
978 1820 1286 1879 senioribus
1319 1816 1526 1909 populi.

327 1899 443 1969 Qui
490 1907 678 1958 autern
726 1898 964 1959 tradidit
1005 1917 1154 1968 eum,
1206 1897 1367 1957 dedit
1419 1896 1531 1955 illis

324 1977 368 2038 si
412 1998 567 2050 num,
606 1977 832 2049 dicens3
878 1997 932 2036 a.
975 1976 1400 2053 Quemcumque
1443 1994 1532 2033 os-

323 1998 539 2116 cifistus
581 2054 757 2127 fuero,
813 2055 934 2135 ipse
978 2062 1082 2126 est,
1131 2063 1324 2114 tenete
1377 2073 1527 2112 eum.

325 2154 399 2194 m.
443 2134 521 2194 Et
559 2133 851 2193 confestim
891 2133 1156 2193 accedens
1194 2132 1267 2190 ad
1306 2131 1348 2189 J
1351 2152 1528 2203 esum,

325 2213 476 2273 dixit
492 2234 509 2285 3
539 2233 594 2270 a.
620 2213 748 2272 Ave
774 2211 978 2271 Rabbi.
1058 2231 1134 2270 m.
1159 2212 1238 2270 Et
1257 2209 1530 2269 osculatus

327 2299 413 2351 est
434 2312 582 2350 eum.
625 2290 902 2368 Dixitque
920 2288 999 2347 illi
1018 2289 1060 2347 J
1060 2310 1183 2349 esus
1195 2310 1212 2362 ;
1236 2289 1282 2347 b.
1304 2287 1526 2360 Amice,

326 2370 400 2429 ad
416 2369 551 2448 quid
569 2368 772 2428 venisti
794 2371 817 2428 ἓ
879 2388 956 2426 m.
978 2367 1136 2427 Tunc
1155 2375 1528 2440 accesserunt,

327 2456 389 2509 et
440 2466 640 2506 manus
703 2447 1020 2526 injecerunt
1072 2446 1132 2504 in
1195 2446 1238 2505 J
1239 2465 1416 2518 esum,
1470 2454 1531 2505 et

326 2533 637 2587 tenuerunt
663 2544 812 2585 eum.
912 2524 992 2584 Et
1018 2544 1142 2585 ecce
1168 2543 1312 2582 unus
1340 2544 1414 2583 ex
1441 2522 1531 2582 his

327 2604 423 2683 qui
443 2612 607 2663 erant
627 2623 750 2662 cum
771 2604 814 2663 J
816 2623 932 2676 esu,
950 2603 1262 2662 extendens
1277 2621 1528 2675 manum,

328 2682 545 2743 exemit
581 2681 828 2761 gladium
872 2701 1055 2756 suum,
1103 2690 1163 2741 et
1208 2681 1529 2760 percutiens

327 2781 550 2821 servum
597 2761 869 2853 principis
914 2761 1285 2833 sacerdotum,
1329 2779 1530 2838 ampu-

327 2841 472 2900 tavit
489 2838 795 2899 auriculam
812 2841 933 2918 ejus
948 2840 1333 2899 adexteram.a
1371 2839 1532 2898 Tunc

328 2920 409 2979 ait
463 2917 541 2976 illi
596 2919 763 2978 Jesus
785 2939 801 2991 ;
858 2919 906 2977 b.
959 2919 1240 2978 Converte
1279 2916 1527 2996 gladium

329 3008 490 3057 tuum
546 2997 605 3055 in
647 2996 826 3055 locum
874 3016 1071 3056 suum:
1121 3015 1316 3055 omnes
1356 2996 1529 3070 enim,

329 3076 426 3156 qui
492 3077 812 3155 acceperint
877 3075 1145 3154 gladium,
1191 3074 1378 3153 gladio
1430 3094 1528 3152 pe-

329 3155 543 3214 ribunt.
626 3155 726 3213 An
756 3163 941 3234 putas,
978 3153 1112 3232 quia
1148 3172 1262 3210 non
1405 3172 1528 3210 sum

329 3253 393 3293 ro
431 3253 528 3293 are
580 3233 811 3293 Patrem
867 3252 1076 3302 meum,
1131 3239 1191 3290 et
1238 3250 1307 3288 ex
1355 3231 1531 3291 ibebit

330 3254 470 3370 milii
513 3312 680 3370 modo
719 3311 1014 3391 plusquam
1056 3308 1349 3368 duodecim
1392 3307 1530 3388 legi·

330 3408 466 3450 ones
531 3389 861 3468 angelorum
891 3392 916 3449 ’ἔ
1027 3387 1323 3456 Quomodo
1396 3406 1531 3466 ergo

328 3467 714 3546 implebuntur
734 3468 853 3527 Scri
898 3477 1059 3537 turae,
1073 3465 1205 3544 quia
1220 3465 1298 3523 sic
1308 3473 1533 3545 oportet

330 3545 503 3607 fieri?
603 3566 677 3603 m.
711 3545 781 3603 In
838 3489 935 3604 illa
987 3544 1128 3603 hora
1167 3544 1318 3602 dixit
1361 3543 1530 3603 Jesus

331 3626 511 3684 turbis
530 3646 544 3695 ;
569 3625 614 3681 b.
635 3625 925 3701 Tanquam
944 3623 1013 3681 ad
1032 3621 1309 3682 latronem
1332 3622 1529 3682 existis

329 3722 457 3762 cum
483 3702 684 3783 gladiis
705 3711 763 3761 et
784 3702 1022 3760 fustibus
1048 3699 1531 3778 comprehendere

329 3801 458 3841 me:
502 3779 753 3874 quotidie
792 3779 939 3858 apud
984 3798 1079 3836 vos
1121 3778 1383 3836 sedebam
1429 3779 1529 3837 do·

329 3878 461 3919 cens
509 3879 567 3917 ln
603 3858 835 3936 templo,
874 3866 933 3916 et
967 3875 1079 3914 non
1117 3875 1207 3913 me
1248 3856 1527 3915 tenuistis.

329 3957 405 3995 m.
450 3938 579 3997 Hoc
610 3944 798 3995 autem
843 3945 1027 3994 totum
1064 3933 1274 3992 factum
1316 3944 1421 4006 est,
1462 3945 1530 3994 ut

326 4015 777 4094 adimplerentur
793 4015 1086 4093 scripturae
1103 4012 1525 4091 prophetarum.

328 4092 487 4153 Tunc
552 4091 807 4171 discipuli
881 4111 1094 4164 omnes,
1170 4090 1365 4150 relicto
1442 4111 1527 4164 ee,

325 4171 611 4251 fugerunt.
713 4170 801 4230 At
852 4170 934 4229 illi
992 4178 1256 4230 tenentes
1307 4171 1529 4242 Jesum,

328 4250 617 4311 duxerunt
633 4250 702 4308 ad
719 4248 989 4330 Caipham
1011 4248 1327 4328 principem
1348 4269 1529 4308 sacer-

328 4435 353 4465 2
389 4443 499 4480 non
526 4427 725 4483 hubent
750 4425 832 4481 92.
862 4426 945 4481 97.
974 4426 1057 4480 98.
1086 4425 1180 4480 41..
1205 4425 1268 4479 V.

985 252 1345 303 Domch
1380 252 1457 300 ln
1495 248 1721 300 RAMtS
1757 252 2181 303 PALMARUM.

2725 240 2839 304 268

1645 406 1864 481 dotum,
1889 409 1984 468 ubi
2004 409 2202 469 scribae
2223 420 2281 469 et
2301 412 2551 470 seniores
2578 431 2838 470 convene·

1647 497 1796 544 rant.
1880 487 2085 548 Petrus
2119 497 2309 548 autem
2344 492 2688 568 sequebatur
2724 510 2836 548 eum

1646 583 1682 622 a
1733 562 1919 645 longe,
1987 585 2161 644 usque
2212 568 2271 625 in
2326 571 2532 627 atrium
2585 568 2837 647 principis

1644 643 2019 703 sacerdotum.
2100 645 2181 704 Et
2198 646 2478 724 ingressus
2497 647 2679 718 intro,
2698 649 2835 705 sede-

1648 722 1745 779 bat
1778 742 1906 780 cum
1949 723 2245 796 ministris,
2287 737 2351 783 ut
2390 726 2619 785 videret
2661 725 2834 783 finem.

1648 798 1943 879 Principes
1969 812 2160 860 autem
2196 803 2547 861 sacerdotum
2586 812 2651 864 et
2689 824 2836 862 omne

1644 878 1942 936 concilium
1985 882 2316 957 quaerebant
2353 880 2556 940 falsum
2600 883 2835 942 testimo·

1646 955 1805 1015 nium
1859 969 2057 1016 contra
2104 958 2329 1032 Jesum,
2383 971 2447 1018 ut
2494 980 2634 1019 eum
2687 960 2836 1018 morti

1645 1034 1984 1094 traderent:
2039 1043 2099 1096 et
2142 1057 2255 1095 non
2308 1037 2676 1111 invenerunt,
2727 1027 2842 1097 cuni

1647 1112 1810 1171 multi
1837 1112 1959 1171 falsi
1986 1123 2158 1175 testes
2183 1118 2560 1177 accessissent.
2648 1117 2835 1176 Novis·

1644 1189 1787 1251 sime
1820 1201 2012 1251 autem
2043 1203 2322 1253 venerunt
2359 1194 2473 1253 duo
2509 1194 2644 1255 falsi
2681 1204 2838 1255 testes

1645 1276 1706 1327 et
1757 1269 2029 1329 dixerunt
2048 1293 2063 1342 ;
2094 1292 2149 1330 a.
2200 1272 2318 1331 Hic
2368 1273 2557 1333 dixit:
2620 1276 2836 1334 Possum

1645 1345 1939 1408 destruere
1979 1349 2257 1428 templum
2298 1350 2426 1424 Dei,
2469 1362 2528 1413 et
2577 1361 2708 1431 post
2746 1354 2838 1412 tri-

1644 1425 1820 1483 duum
1838 1427 2186 1488 reaedificare
2205 1427 2361 1488 illud.
2419 1451 2494 1489 m.
2517 1432 2604 1491 Et
2620 1451 2718 1490 sur
2785 1451 2839 1489 ns

1643 1502 1907 1583 princeps
1946 1506 2318 1579 sacerdotum,
2344 1507 2426 1566 ait
2451 1508 2576 1582 iui;
2608 1532 2665 1567 a.
2755 1508 2840 1567 ihil

1645 1582 1951 1660 respondes
1998 1584 2071 1642 ad
2118 1605 2188 1644 ea
2211 1601 2361 1664 ‘quae
2403 1587 2498 1645 isti
2552 1590 2838 1648 adversum

1644 1667 1703 1719 te
1760 1661 2183 1724 testificantur?
2290 1684 2366 1723 m.
2419 1665 2599 1726 Jesus
2664 1677 2837 1726 autem

1643 1741 1881 1798 tacebat.
1965 1740 2045 1800 Et
2084 1741 2346 1821 princeps
2384 1745 2745 1805 sacerdotum
2770 1746 2842 1803 ait

1644 1814 1760 1906 illi3
1790 1837 1843 1876 α.
1877 1818 2177 1897 Adjurote
2205 1841 2309 1899 per
2335 1821 2522 1880 Deum
2552 1826 2761 1894 vivum,
2786 1831 2842 1882 ut

1643 1895 1794 1953 dicas
1821 1897 1978 1956 nobis
1998 1898 2043 1955 si
2072 1909 2136 1957 tu
2164 1919 2223 1957 es
2243 1898 2501 1960 Christus
2538 1901 2722 1962 Filius
2745 1902 2841 1961 Dei

1649 1973 1861 2030 bvivi.b
1965 1996 2041 2035 m.
2086 1977 2241 2036 Dicit
2289 1977 2371 2035 illi
2423 1979 2636 2053 Jesus;
2665 1982 2713 2039 b.
2765 1980 2839 2038 'Pu

1644 2051 1841 2110 dixisti
1865 2073 1879 2110 ε
1902 2064 2292 2114 verumtamen
2314 2057 2441 2115 dico
2458 2060 2638 2130 vobis,
2654 2059 2842 2117 amodo

1646 2129 1905 2190 videbitis
1941 2132 2150 2191 Filium
2191 2133 2461 2195 Hominis
2500 2138 2791 2197 sedentem
2815 2156 2844 2194 a

1643 2207 1865 2268 dextris
1907 2210 2131 2269 virtutis
2171 2210 2303 2284 Dei,
2341 2222 2402 2273 et
2426 2215 2754 2276 venientem
2789 2216 2841 2272 in

1646 2286 1887 2346 nubibus
1906 2287 2048 2347 coeli.
2108 2309 2182 2348 m.
2206 2290 2366 2349 Tunc
2384 2293 2652 2372 princeps
2672 2314 2843 2354 sacer·

1643 2365 1841 2423 dotum
1884 2367 2052 2426 scidit
2091 2369 2433 2430 vestimenta
2468 2392 2588 2444 sua,
2623 2373 2840 2442 dieens;

1642 2461 1698 2501 a.
1733 2443 2195 2523 Blasphemavit:
2237 2448 2376 2525 quid
2411 2449 2598 2508 adhuc
2623 2471 2843 2531 egemus

1640 2523 1922 2582 testibus?
1970 2544 2096 2584 ecce
2127 2546 2277 2585 nunc
2314 2527 2550 2588 audistis
2590 2527 2842 2608 blasphe-

1643 2601 1812 2659 miam
1836 2620 1848 2658 ε
1893 2601 2029 2678 quid
2055 2604 2212 2663 vobis
2241 2606 2505 2667 videtur?
2533 2628 2609 2664 m.
2655 2609 2745 2667 At
2768 2606 2841 2665 illi

1641 2679 2048 2758 respondentes
2099 2682 2406 2757 dixerunt3
2456 2705 2511 2743 a.
2570 2685 2727 2745 Reus
2765 2698 2842 2744 est

1642 2759 1863 2816 mortis.
1939 2779 2012 2816 m.
2033 2759 2193 2819 Tunc
2209 2773 2560 2841 exspuerunt
2575 2762 2636 2821 in
2651 2763 2840 2824 faciem

1643 2834 1781 2914 ejuS,
1824 2844 1883 2896 et
1920 2836 2167 2916 colaphis
2213 2860 2344 2898 eum
2398 2841 2709 2915 caederunt,
2756 2841 2841 2901 alii

1642 2923 1833 2974 autem
1854 2913 2068 2994 palmas
2093 2917 2152 2974 in
2181 2916 2377 2977 faciem
2406 2919 2457 2997 ej
2467 2940 2529 2978 us
2547 2921 2840 2991 dederunt,

1642 2990 1923 3066 dicentes;
1944 3015 1996 3051 a.
2022 2994 2370 3075 Prophetiza
2390 2998 2568 3071 nobis,
2593 2998 2842 3068 Chi-istm

1643 3071 1768 3148 quis
1800 3081 1888 3131 est
1911 3072 2008 3151 qui
2046 3080 2104 3132 te
2143 3076 2464 3152 percussit?
2536 3097 2612 3135 m.
2646 3078 2843 3137 Petrus

1642 3158 1832 3209 autem
1851 3152 2084 3210 sedebat
2098 3150 2233 3212 foris
2254 3153 2313 3211 in
2334 3156 2480 3214 atrio
2501 3176 2518 3227 ;
2541 3163 2600 3214 et
2618 3158 2844 3215 accessit

1643 3228 1714 3286 ad
1742 3249 1872 3287 eum
1910 3249 2024 3288 una
2061 3230 2285 3304 ancilla,
2325 3233 2517 3292 dicens
2534 3255 2551 3307 ;
2580 3254 2636 3292 α.
2680 3236 2761 3295 Et
2786 3247 2844 3292 tu

1643 3325 1773 3364 cum
1814 3306 1858 3365 J
1859 3327 1956 3366 esu
2000 3307 2237 3368 Galilaeo
2278 3330 2418 3370 eras.
2466 3333 2543 3370 m.
2628 3313 2711 3371 At
2751 3311 2844 3370 ille

1644 3386 1869 3464 negavit
1880 3405 2068 3444 coram
2083 3389 2362 3461 omnibus,
2380 3390 2570 3450 dicens
2583 3413 2600 3464 ;
2623 3412 2678 3449 a.
2697 3391 2844 3451 Nes-

1643 3463 1729 3521 cio
1756 3464 1891 3540 quid
1917 3465 2073 3523 dicis.
2141 3485 2217 3523 m.
2253 3468 2521 3527 Exeunte
2547 3479 2736 3530 autem
2751 3467 2845 3526 illo

1637 3541 1890 3676 ianuam,
1919 3543 2062 3601 vidit
2103 3564 2232 3602 eum
2272 3544 2382 3604 alia
2406 3545 2625 3620 ancilla,
2667 3558 2726 3607 et
2764 3548 2844 3604 ait

1689 3620 1733 3678 is
1760 3621 1857 3697 qui
1886 3629 2052 3680 erant
2084 3622 2199 3695 ibi;
2245 3644 2298 3680 a.
2329 3624 2408 3683 Et
2435 3624 2528 3683 hic
2553 3646 2685 3685 cum
2708 3626 2842 3685 Jesu

1644 3696 1950 3759 Nazareno
1976 3709 2115 3759 erat.
2188 3722 2265 3760 m.
2296 3702 2375 3762 Et
2397 3703 2605 3762 iterum
2626 3705 2846 3784 negavit

1643 3796 1769 3834 cum
1790 3774 2122 3854 juramento
2145 3800 2156 3837 ε
2191 3779 2340 3848 Quia
2368 3802 2482 3839 non
2510 3784 2644 3841 novi
2670 3783 2844 3842 homi·

1644 3874 1795 3915 nem.
1878 3856 1957 3915 Et
2007 3865 2137 3936 post
2182 3858 2448 3936 pusillum
2496 3869 2845 3921 accesserunt

1644 3933 1740 4011 qui
1783 3933 1864 3991 ibi
1909 3938 2155 4007 stabant,
2211 3947 2271 3996 et
2321 3938 2597 3997 dixerunt
2641 3942 2841 4008 Petro;

1645 4031 1699 4069 a.
1733 4010 1891 4071 Vere
1918 4022 1977 4072 et
2017 4022 2080 4072 tu
2109 4035 2183 4073 ex
2224 4014 2333 4073 illis
2369 4037 2463 4075 es:
2516 4038 2651 4077 nam
2683 4028 2740 4078 et
2761 4016 2843 4077 lo-

1643 4089 1809 4166 quela
1827 4100 1926 4149 tua
1942 4091 2300 4152 manifestum
2321 4102 2381 4152 te
2399 4093 2546 4154 facit.
2595 4117 2672 4155 m.
2693 4097 2846 4155 'runc

1644 4168 1817 4246 coepit
1862 4168 2133 4228 detestari
2159 4171 2164 4178 ’
2186 4181 2248 4231 et
2304 4173 2507 4244 'urare,
2561 4175 2693 4252 quia
2733 4191 2844 4231 non

1645 4247 1891 4306 novisset
1910 4245 2220 4308 hominem.
2343 4259 2368 4309 t
2387 4252 2657 4312 continuo
2673 4250 2846 4333 gallus

1648 4427 1675 4465 b
1715 4444 1822 4480 non
1850 4427 2052 4481 habent
2077 4428 2160 4482 92.
2190 4428 2275 4484 97.
2304 4429 2388 4484 98.
2416 4430 2483 4485 V.
