2975 5009
106 245 240 310 249
469 259 693 308 ruma
740 260 838 308 vi.

114 417 240 477 Ubi
266 425 356 476 est
386 418 619 475 verbum
648 415 931 475 Domini?
971 413 1179 474 veniat.
1259 414 1340 475 Et

117 515 230 574 ego
273 514 391 553 non
444 514 573 553 sum
620 496 906 564 turbatuS‚
950 502 1008 552 te
1055 503 1340 572 pastorem

119 592 410 650 sequens:
461 580 523 632 et
561 572 717 631 diem
753 571 1000 631 hominis
1039 592 1154 630 non
1193 572 1341 630 desi-

121 652 347 723 deravi,
375 658 443 709 tu
463 651 589 710 scis.
670 650 836 718 Quod
857 670 1143 729 egressum
1164 658 1251 709 est
1269 650 1342 709 de

121 729 299 788 labiis
336 730 525 800 meis,·
543 739 763 789 rectum
805 730 866 786 in
906 735 1203 819 conspectu
1242 736 1345 787 tuo

125 808 261 866 fuit.
334 807 488 865 -Non
515 808 589 867 sis
631 806 771 864 mihi
798 815 861 865 tu
888 805 1346 885 formidini,=spes

130 906 264 946 mea
305 893 375 944 tu
422 885 487 944 in
527 885 622 945 die
667 883 1006 943 afflictionis·
1095 885 1349 946 Confun-

128 966 369 1024 &ntur‘
386 964 488 1041 qui
526 984 619 1024 me
656 971 1093 1043 persequuntur,
1135 972 1196 1023 et
1228 980 1347 1021 nen

130 1041 454 1103 confimdar
498 1062 633 1122 ego:
726 1050 931 1102 aveant
973 1040 1075 1114 illi,
1124 1051 1185 1101 et
1231 1060 1346 1099 non

131 1142 378 1201 paveam
421 1140 527 1199 ego
551 1143 566 1181 ε
619 1121 678 1177 in
721 1140 790 1178 uc
830 1140 1002 1199 super
1048 1140 1142 1179 eos
1194 1120 1348 1178 diem

133 1199 482 1270 afflictionis,
509 1207 571 1258 et
595 1198 803 1276 duplici
840 1197 1195 1258 contritione
1210 1217 1345 1255 con·

133 1288 260 1339 tere
286 1297 406 1349 eos,
435 1276 681 1337 Domine
708 1277 864 1337 Deus
888 1286 1100 1336 noster.

225 1355 544 1414 (za-adala·

210 1432 447 1489 Pacifice
461 1431 820 1502 loquebantur
832 1430 969 1485 mihi
986 1429 1196 1486 inimici
1214 1429 1321 1486 mei
1342 1448 1356 1485 z

140 1510 197 1560 et
217 1504 281 1557 in
305 1503 394 1558 ira
415 1501 628 1557 molesti
652 1507 807 1556 erant
830 1502 982 1558 mihi.

152 1576 214 1630 V.
253 1573 476 1644 Vidisti,
495 1571 724 1627 Domine
738 1573 883 1628 Deus
899 1590 1064 1643 meus,
1082 1589 1153 1628 ne
1165 1570 1325 1627 sileas
1344 1590 1357 1625 ι

145 1663 215 1716 ne
237 1644 485 1700 discedas
506 1662 542 1698 a
563 1660 666 1697 me.

263 1716 524 1774 Tractus.
601 1719 845 1792 Domine,
882 1738 996 1776 non
1044 1720 1358 1776 secundum.

152 1804 215 1853 ut
244 1814 431 1872 mqwa
487 1792 611 1852 cria
637 1801 788 1851 secvta
804 1802 934 1871 post
960 1792 1144 1853 Oculi.

456 1892 556 1929 wm
583 1870 955 1930 Johannem.b

232 1950 310 2009 In
340 1948 439 2009 illo
465 1957 743 2029 tempore,
770 1949 1134 2029 Collegerunt
1161 1947 1363 2009 Ponti-

153 2028 291 2088 fices
332 2036 395 2089 et
436 2028 711 2088 Pharisaei
757 2028 1054 2088 concilium
1099 2028 1364 2086 adversus

152 2106 197 2167 J
198 2127 385 2179 esum,
402 2115 463 2166 et
477 2107 740 2166 dicebant
749 2129 765 2179 ;
798 2106 950 2174 Quid
969 2105 1219 2175 facimus,
1237 2104 1369 2181 quia

155 2185 252 2245 hic
278 2184 453 2243 homo
473 2185 652 2243 multa
667 2185 826 2265 signa
845 2184 978 2243 facit
1006 2186 1031 2245 ἓ
1094 2184 1156 2244 Si
1172 2182 1367 2241 dimit·

155 2264 336 2324 timus
363 2267 491 2321 eum
522 2264 620 2334 sic,
647 2282 842 2323 omnes
863 2264 1096 2322 credent
1115 2262 1174 2320 in
1197 2281 1327 2319 eum
1351 2282 1365 2320 ε

160 2350 219 2401 et
240 2342 476 2400 venient
505 2341 770 2412 Romani,
798 2350 857 2400 et
877 2340 1083 2399 tollent
1110 2349 1366 2398 nostrum

160 2419 352 2479 locum
405 2427 465 2478 et
516 2428 766 2499 gentem.
849 2419 1019 2479 Unus
1064 2426 1254 2480 autem
1299 2437 1370 2474 ex

161 2498 319 2577 ipsis,
342 2497 585 2575 Caiphae
602 2498 848 2569 nomine,
867 2518 994 2555 cum
1013 2503 1159 2556 esset
1176 2493 1373 2555 Ponti-'-

162 2579 263 2636 fex
288 2576 427 2634 anni
452 2575 617 2647 illius,
643 2576 794 2634 dixit
821 2575 900 2635 eis
922 2597 937 2648 ;
989 2575 1108 2633 Vos
1149 2574 1376 2633 nescitis

164 2654 475 2733 quidquam
502 2674 606 2713 nec
638 2653 928 2733 cogitati53
973 2653 1104 2731 quia
1142 2653 1377 2732 expedit

168 2732 355 2792 vobis‘
381 2740 449 2790 ut
499 2753 642 2792 unus
707 2731 982 2790 moriatur
1047 2730 1217 2790 homo
1270 2750 1376 2809 pro

171 2809 401 2890 popule,
431 2817 490 2870 et
515 2830 629 2869 non
653 2819 777 2870 tota
794 2830 933 2890 gens
961 2819 1178 2888 pereat.
1245 2809 1375 2867 Hoc

171 2901 367 2948 autem
394 2909 428 2945 a
448 2890 749 2967 semetipso
775 2909 889 2946 non
910 2888 1092 2949 dixit:
1121 2888 1218 2947 sed
1247 2907 1374 2945 cum

173 2975 325 3027 esset
351 2966 620 3028 Pontifex
639 2968 774 3025 anni
800 2966 967 3038 illius,
994 2966 1375 3045 prophetavit,

213 3047 312 3103 uia
350 3044 393 3104 J
395 3066 520 3103 esus
552 3046 856 3104 moriturus
884 3055 1008 3103 erat
1046 3065 1152 3125 pro
1186 3051 1374 3123 gente.

173 3065 254 3182 {lt
282 3143 400 3181 non
426 3131 650 3181 tantum
677 3144 781 3202 pro
799 3132 990 3203 gente,
1018 3123 1117 3181 sed
1142 3131 1207 3181 ut
1234 3122 1380 3180 filios

176 3203 287 3263 Dei
316 3201 416 3280 qui
442 3211 606 3261 erant
628 3203 885 3281 dispersi,
911 3209 1280 3281 congregaret
1319 3200 1380 3257 in

176 3299 376 3338 unum.
459 3280 553 3339 Ab
580 3279 680 3338 illo
706 3300 840 3360 ergo
867 3280 960 3339 die
995 3281 1384 3359 cogitaverunt

178 3366 244 3416 ut
270 3358 669 3417 interficerent
689 3379 837 3418 eum.
916 3359 959 3417 J
961 3378 1084 3418 esus
1112 3377 1248 3436 ergo
1260 3358 1383 3434 jam

183 3457 299 3496 non
324 3437 385 3494 in
403 3436 589 3516 palam
615 3436 935 3496 ambulabat
953 3438 1103 3515 apud
1130 3437 1171 3495 J
1176 3436 1384 3507 udaeOS,

181 3516 278 3574 sed
305 3516 452 3574 abiit
477 3514 537 3572 in
564 3515 850 3593 regionem
869 3516 1041 3606 juxta
1078 3515 1385 3587 desertum,

184 3593 242 3650 in
268 3594 579 3665 civitatem,
618 3613 745 3671 quae
783 3594 988 3652 dicitur
1022 3592 1300 3672 Ephrem,
1328 3599 1388 3653 et

184 3671 262 3730 ibi
288 3673 623 3730 morabatur
646 3692 773 3730 cum
799 3670 1083 3751 discipulis
1107 3672 1238 3730 suis,

266 3750 678 3825 offertorium.⁰

253 3826 583 3881 Benedictus
600 3844 669 3896 es,
697 3826 954 3894 Domin03
981 3826 1107 3880 doce
1123 3842 1211 3880 me
1227 3824 1388 3897 justi·

184 3896 460 3952 ficationes
484 3902 606 3951 tuas
632 3917 645 3951 z
670 3902 726 3952 et
760 3896 790 3934 ‘¹
804 3914 916 3952 non
933 3897 963 3935 ἃ
986 3897 1166 3951 tradas
1187 3897 1390 3950 calum-

184 3967 469 4022 niantibus
514 3984 604 4022 me
649 3967 905 4038 superbis,
961 3973 1019 4021 et
1063 3967 1391 4039 respondebo

184 4038 634 4111 exprobrantibus
655 4039 793 4092 mihi
817 4039 1055 4093 verbum.

180 4195 212 4223 ὃ
246 4186 331 4239 Ρε.
357 4184 539 4239 xxxiv.
569 4185 753 4257 (xxxv.
781 4186 870 4255 20,
898 4184 1012 4257 22.)

183 4257 214 4294 b
247 4274 361 4326 cap.
387 4256 460 4310 xi.
491 4254 549 4309 F.
579 4256 651 4324 (v.
678 4256 903 4326 47-54.)

180 4337 208 4366 ο
243 4326 329 4379 Ps.
355 4325 535 4381 cxviii.
565 4326 728 4398 (cxix.
759 4327 842 4395 12,
871 4325 985 4397 42.)

178 4398 211 4436 1¹
246 4396 470 4451 ne—l3.
499 4396 583 4450 15.

175 4479 203 4506 Θ
239 4467 728 4538 quaesumus-94.
757 4468 841 4522 97.
873 4467 960 4520 26.

1063 255 1271 310 Imm).
1318 260 1385 307 V.
1434 259 1796 313 QUADRAG.

1976 257 2312 305 sABssA'rO.
2512 237 2641 302 250

1452 414 1512 468 V.
1586 413 1715 468 Vidi
1732 431 1844 468 non
1862 417 2134 469 servantes
2154 417 2373 485 pactum
2396 416 2453 467 et
2471 410 2642 466 tabes-

1438 486 1624 540 cebam
1651 505 1663 538 z
1689 484 1934 554 Domine,
1959 484 2175 554 quando
2197 483 2358 539 facies
2379 482 2447 538 de
2467 498 2639 554 perse·

1439 556 1732 627 quentibus
1759 573 1845 611 me
1860 555 2128 626 judicium
2146 555 2173 609 Ῥ

1521 626 1762 686 Secreta.
2205 673 2210 678 .

1525 706 1749 765 Praesta
1775 705 1986 776 nobie,⁹
2005 702 2323 763 misericors
2349 702 2539 773 Deus;
2581 706 2648 759 ut

1443 784 1617 863 digne
1668 786 1784 843 tuis
1835 784 2049 843 servire
2102 801 2326 861 semper
2377 779 2648 839 altaribus

1446 883 1788 935 mereamur,
1818 869 1878 922 et
1902 881 2099 921 eorum
2127 868 2401 940 perpetua
2420 858 2649 938 partici-

1447 946 1675 1022 patione
1694 941 1915 1001 salvari.
1999 941 2113 999 Per
2137 939 2471 998 Dominum.

1528 1020 1823 1099 Praefatio.
1907 1018 2023 1087 Qui
2049 1015 2325 1098 corporali
2344 1015 2584 1097 jejuniO.

1538 1094 1920 1157 Communia!
2387 1095 2398 1110 ⁸

1523 1175 1606 1230 Ne
1631 1174 1912 1259 tradideris
1934 1191 2035 1244 me,
2073 1173 2316 1258 Domine,
2354 1173 2411 1226 in
2446 1170 2658 1227 animas

1451 1252 2010 1445 {Qflzsssstzuffiffi
2023 1247 2657 1385 ttffisstiffiffteffiffi

1563 1405 1607 1442 si
1647 1404 1682 1443 1.

1538 1458 2013 1518 Postcommunio.

1537 1537 1763 1615 Sumpti
1790 1534 2068 1606 sacrificii,
2097 1533 2360 1605 Domine,
2386 1539 2662 1612 perpetua

1458 1637 1562 1675 nos
1593 1615 1760 1674 tuitio
1799 1633 1914 1672 non
1952 1612 2344 1692 derelinquat:
2393 1619 2453 1671 et
2491 1611 2663 1669 noxia

1458 1713 1687 1774 semper
1724 1714 1759 1751 a
1797 1691 1959 1752 nobis
1984 1696 2185 1750 cuncta
2210 1689 2465 1771 repellat.
2548 1690 2663 1749 Per

1461 1773 1797 1834 Dominum.

1547 1851 1731 1928 Super
1747 1847 2044 1927 populum.

1495 1936 1502 1940 ’
1542 1929 1864 1989 Humiliate
1891 1927 2076 2008 capita
2100 1933 2288 1985 vestra
2314 1926 2466 2008 Dec.³

1550 2007 1770 2067 Oratio·

1550 2087 1806 2148 Concede
1834 2083 2013 2155 nobiS‚
2034 2102 2371 2162 quaesumus,
2401 2080 2667 2152 Domine,

1469 2167 1693 2226 veniam
1721 2171 2076 2243 peccatorum
2103 2171 2170 2221 'et
2209 2161 2497 2254 religionis
2535 2180 2670 2238 aug-

1470 2252 1764 2315 mentum;
1794 2251 1963 2320 atque
2001 2248 2068 2300 ut
2105 2241 2164 2299 in
2208 2241 2367 2300 nobis
2397 2246 2498 2298 tua
2522 2238 2674 2296 dona

1473 2321 1833 2402 multipliceS‚
1854 2322 1966 2379 tuis
1986 2319 2070 2379 fac
2087 2319 2369 2380 mandatis
2393 2316 2673 2402 prompti-

1473 2423 1618 2461 ores·
1701 2401 1816 2460 Per
1844 2400 2173 2458 Dominum.

1578 2559 1895 2634 Sabbato
1926 2567 2080 2653 post
2108 2557 2161 2629 J
2161 2557 2394 2630 udica.

1557 2658 1664 2715 Ad
1690 2656 1958 2715 Missam.
2044 2655 2351 2731 Officium.⁸

1555 2736 1836 2795 Miserere
1878 2733 2040 2804 mihi,
2087 2732 2356 2804 Domine,
2412 2728 2675 2808 quoniam

1479 2813 1768 2874 tribulor:
1805 2811 2119 2890 liberaffime
2172 2820 2233 2870 et
2274 2811 2429 2888 eripe
2474 2828 2566 2866 me
2605 2808 2677 2865 de

1478 2891 1736 2951 manibus
1793 2890 2152 2949 inimicorum
2193 2907 2451 2948 meorum
2474 2905 2487 2944 ε
2528 2894 2588 2944 et
2645 2904 2679 2941 a

1478 2968 1945 3049 persequentibus
1964 2988 2076 3040 me,
2124 2967 2390 3038 Domine,
2414 2983 2527 3023 non
2548 2973 2681 3023 con-

1476 3049 1683 3107 fundar
1708 3047 1972 3126 quoniam
1997 3045 2248 3105 invocavi
2273 3052 2351 3105 te.

1555 3125 1877 3187 Psalmus.¹²

1550 3205 1620 3259 In
1647 3210 1714 3275 te,
1742 3204 1985 3273 Domine,
2004 3200 2226 3274 speravi,
2251 3215 2363 3253 non
2387 3196 2685 3252 confundar

1480 3277 1542 3332 in
1566 3282 1830 3331 aeternum
1857 3295 1869 3329 z
1898 3276 1957 3329 in
1977 3272 2194 3344 justitia
2218 3276 2313 3325 tua
2335 3270 2505 3326 libera
2528 3285 2627 3322 me.

1564 3348 1701 3407 Non
1726 3348 1941 3406 dicitur
1962 3351 2147 3409 Gloria
2169 3350 2337 3405 Patri.
2419 3361 2424 3370 “

1565 3426 1886 3486 Flectamus
1911 3441 2111 3505 genua.
2191 3424 2423 3483 Levate.

1503 3533 1534 3544 ··
1569 3504 1789 3564 Oratio,

1570 3583 1859 3653 Proficiat,
1880 3597 2218 3661 quaesumuS,
2246 3575 2512 3647 Domine,
2529 3573 2689 3653 plebs

1488 3663 1594 3723 tibi
1632 3662 1819 3720 dicata
1852 3661 1965 3739 pise
1996 3659 2307 3719 devotionis
2332 3656 2576 3727 affectu3
2625 3663 2691 3711 ut

1488 3741 1660 3800 sacris
1679 3740 1989 3799 actionibus
2006 3738 2244 3809 erudita,
2265 3742 2476 3814 quanto
2493 3732 2692 3811 majes-

1492 3820 1599 3878 tati
1637 3826 1752 3877 tuae
1781 3817 1851 3876 fit
1875 3818 2110 3896 gratior,
2147 3822 2309 3874 tanto
2343 3812 2508 3870 donis
2546 3810 2693 3889 poti-

1493 3898 1683 3957 oribus
1709 3917 1776 3955 au
1818 3905 1997 3955 eatur.
2078 3893 2193 3953 Per
2218 3891 2545 3950 Dominum.

1568 3975 1764 4034 Lectio
1779 3915 2097 4033 {ieremias
2123 3965 2453 4049 Prophetae}

1575 4054 1651 4113 In
1666 4054 1863 4112 diebus
1876 4052 2006 4124 illis,
2026 4052 2315 4110 Dixerunt
2331 4048 2489 4127 impii
2506 4046 2547 4106 J
2548 4047 2696 4105 udaei

1495 4182 1517 4220 ἵ
1547 4183 1635 4237 Ps.
1661 4180 1805 4236 xxvi.
1850 4178 2013 4234 xxvii.
2041 4179 2152 4251 12.)

1495 4261 1524 4301 κ
1560 4253 1648 4306 Ps.
1673 4267 1799 4305 xxx.
1850 4251 1996 4304 xxxi.
2023 4249 2073 4321 9,
2104 4250 2187 4319 15,
2218 4249 2327 4321 17.)

1497 4323 1527 4362 ¹1
1561 4323 1634 4378 ib.
1661 4323 1734 4394 (v.
1762 4321 1835 4402 1.)

1500 4411 1515 4447 i
1548 4410 1662 4465 cap.
1688 4391 1835 4447 xviii.
1862 4391 1918 4445 G.
1948 4391 2019 4462 (v.
2047 4389 2264 4462 18-23.)
