2975 5009
308 227 431 292 191

894 243 1250 296 Doumch
1294 244 1568 296 TERTIA
1615 242 2223 303 QUADRAGESIMAE..

2704 226 2825 293 192

908 488 1298 563 Dominiea
1345 491 1548 562 tertia
1606 488 2199 585 chadraqeeimae.

386 670 491 729 Ad
516 671 781 731 Missam.
867 671 1181 751 Officium.⁸

390 748 554 809 Oculi
619 751 733 810 mei
787 771 1009 830 semper
1061 750 1134 809 ad
1189 750 1520 823 Dominum,

308 829 571 904 quoniam
601 830 720 909 ipse
749 829 953 890 evellet
991 830 1065 887 de
1104 827 1305 907 laqueo
1345 829 1519 909 pedes

307 925 498 966 meos:
527 909 743 988 respice
770 910 831 966 in
860 929 954 968 me
980 915 1041 967 et
1062 907 1335 968 miserere
1361 908 1475 967 mei
1502 929 1516 966 ε

307 987 574 1060 quoniam
601 988 798 1046 unicus
827 994 886 1046 et
911 1006 1127 1066 pauper
1150 1006 1277 1045 sum
1304 1006 1429 1066 ege.

298 1127 307 1142 ε
389 1064 710 1124 Psalmus.b

266 1137 357 1204 ’χώ
378 1135 472 1197 'At
494 1148 562 1211 te,
590 1142 834 1212 Domine,
855 1139 1029 1195 levavi
1047 1140 1285 1195 animam
1305 1158 1479 1195 meam
1506 1161 1518 1195 :

312 1217 639 1345 Deibsrtgeus,
667 1212 725 1266 in
749 1218 805 1267 te
827 1213 1049 1282 confido,
1071 1229 1181 1267 non
1195 1214 1517 1267 erubescam.

523 1295 619 1343 tw.

395 1365 753 1435 Quaesumus,
797 1362 1157 1441 omnipotens
1183 1363 1358 1432 Deus,
1384 1370 1518 1420 vota

310 1442 608 1503 humilium
655 1442 889 1521 respice,
937 1451 1108 1520 atque
1153 1441 1225 1499 ad
1272 1439 1517 1499 defensi-

311 1543 478 1582 onem
520 1529 772 1580 nostram
814 1520 1110 1578 dexteram
1153 1527 1270 1578 tuse
1312 1520 1517 1598 majes-

310 1602 448 1660 tatis
474 1600 738 1659 extende.
824 1599 938 1657 Per
965 1598 1293 1657 Dominum.

390 1678 500 1737 Ad
524 1677 838 1756 Ephesios.⁰

393 1758 647 1828 Fratres,
666 1758 865 1815 Estote
883 1754 1198 1815 imitatores
1219 1754 1348 1826 Dei,
1371 1754 1517 1812 sicut

311 1836 420 1895 filii
454 1835 768 1894 charissimi
793 1856 808 1894 ε
851 1842 910 1893 et
944 1833 1229 1891 ambulate
1257 1832 1317 1889 in
1342 1832 1517 1891 dilec-

310 1917 486 1987 tione,
540 1914 683 1972 sicut
735 1923 794 1971 et
842 1911 1104 1972 Christus
1142 1909 1348 1969 dilexit
1394 1930 1516 1981 nos,

311 2003 372 2053 et
412 1993 654 2053 tradidit
678 1991 1045 2069 semetipsum
1086 2008 1191 2068 pro
1231 1988 1391 2047 nobis
1419 1991 1521 2046 ob-

311 2071 578 2130 lationem
621 2078 680 2129 et
725 2069 964 2127 hostiam
1022 2068 1147 2125 Deo
1186 2067 1246 2123 in
1288 2067 1520 2126 odorem

314 2149 620 2208 suavitatis
699 2147 1022 2205 Fornicatio
1047 2153 1237 2203 autem
1259 2153 1318 2203 et
1333 2146 1518 2204 omnis

314 2225 679 2286 immunditia
698 2233 796 2284 aut
814 2224 1052 2283 avaritia
1071 2244 1174 2282 nec
1193 2223 1519 2282 nominetur

312 2307 373 2364 in
400 2306 576 2376 vobis,
594 2305 732 2363 sicut
752 2304 916 2362 decet
935 2309 1153 2361 sanctos
1174 2324 1188 2361 z
1216 2310 1314 2360 aut
1333 2301 1519 2380 turpi-

314 2385 453 2443 tudo
480 2390 579 2441 aut
619 2379 1028 2460 stultiloquium
1064 2388 1163 2438 aut
1193 2380 1517 2451 scurrilitas,

313 2484 442 2542 quae
468 2462 541 2520 ad
569 2481 691 2520 rem
719 2480 833 2518 non
873 2459 1153 2539 pertinet:
1202 2458 1301 2517 sed
1343 2459 1519 2537 magis

316 2542 628 2632 gratiarum
671 2538 832 2598 actio.
913 2537 1045 2596 Hoc
1083 2546 1272 2596 autem
1319 2538 1521 2596 scitote

315 2618 730 2697 intelligentes:
777 2616 925 2695 quod
967 2616 1148 2675 omnis
1193 2615 1517 2687 fornicator,

313 2705 415 2756 aut
460 2696 805 2767 immundus,
844 2702 943 2754 aut
979 2714 1196 2766 avarus,
1236 2694 1388 2771 quod
1432 2701 1521 2752 est

314 2775 591 2835 idolorum
628 2774 885 2846 servitus,
923 2794 1037 2831 non
1080 2773 1253 2832 habet
1292 2772 1518 2832 heredi·

314 2862 494 2913 tatem
523 2854 581 2911 in
608 2873 788 2932 regno
807 2852 1021 2911 Christi
1040 2860 1100 2912 et
1121 2852 1249 2911 Dei.
1328 2850 1521 2910 Nemo

316 2952 413 2992 vos
460 2933 686 2991 seducat
725 2931 982 2990 inanibus
1024 2929 1239 2989 verbis:
1285 2937 1520 3008 propter

316 3009 439 3069 haec
466 3010 618 3070 enim
647 3011 802 3070 venit
827 3011 915 3068 ira
940 3010 1049 3068 Dei
1088 3010 1150 3067 in
1193 3006 1339 3066 filios
1365 3006 1523 3065 diffi-

316 3088 550 3150 dentiae.
631 3088 828 3150 Nolite
854 3108 992 3168 ergo
1030 3086 1180 3147 effici
1219 3085 1521 3165 participes

314 3187 531 3227 eorum.
615 3168 810 3228 Eratis
841 3168 996 3226 enim
1035 3164 1335 3243 aliquando
1359 3172 1521 3223 tene-

316 3247 474 3306 brae:
530 3266 679 3304 nunc
730 3255 921 3304 autem
973 3243 1076 3301 lux
1138 3245 1197 3300 in
1253 3241 1519 3300 Domino.

318 3323 410 3382 Ut
439 3323 544 3383 filii
570 3324 708 3382 lucis
746 3322 1066 3382 ambulate:
1112 3320 1325 3379 fructus
1363 3322 1520 3379 enim

315 3401 454 3461 lucis
480 3411 568 3461 est
591 3404 652 3461 in
679 3402 837 3462 omni
865 3400 1116 3461 bonitate
1143 3407 1204 3459 et
1220 3399 1445 3479 justitia
1462 3408 1524 3457 et

316 3480 572 3540 veritate.

402 3556 709 3616 6ῑ’1·(ιιῑαῐε3.(ι

385 3634 613 3707 Exurge,
634 3633 877 3702 Domine,
893 3648 1005 3687 non
1023 3632 1309 3704 praevaleat
1326 3633 1485 3687 homo
1507 3652 1518 3685 :

307 3705 624 3777 judicentur
645 3711 831 3777 gentes
852 3704 910 3756 in
935 3710 1218 3786 conspectu
1243 3710 1351 3758 tuo.

331 3776 389 3830 V.
462 3776 534 3831 In
591 3774 948 3831 convertendo
993 3774 1276 3829 immicum
1338 3790 1521 3828 meum

313 3852 605 3901 retrorsum
643 3866 655 3901 ς
693 3845 1115 3900 infirmabuntur
1148 3850 1204 3900 et
1237 3844 1448 3918 perient
1487 3862 1524 3899 a

316 3916 449 3973 iacis
472 3924 583 3972 tua.

402 3990 687 4047 Tractus.⁶

318 4136 332 4150 ⁸
387 4065 481 4120 Ad
480 4072 550 4192 htg
573 4064 747 4120 levavi
770 4063 948 4120 oculos
971 4081 1115 4121 meos
1141 4083 1152 4118 :
1179 4063 1272 4136 qui
1307 4063 1523 4121 habitas

315 4153 377 4191 m
400 4153 480 4192 0oe
549 4178 562 4191 .

316 4324 345 4353 ⁸
381 4315 467 4370 Ps.
497 4316 637 4369 xxiv.
670 4316 814 4388 (xxv.
848 4316 929 4384 15,
961 4316 1069 4387 16.)

316 4386 347 4428 5
379 4386 450 4440 ib.
480 4386 551 4457 (v.
583 4387 656 4457 l.)

318 4466 343 4494 θ
378 4473 492 4526 cap.
521 4474 568 4511 v.
597 4458 666 4510 A.
697 4457 764 4528 (v.
797 4456 941 4527 1-9.)

1611 2648 1828 2725 judices
1893 2648 2067 2707 vestri
2135 2656 2321 2707 erunt.

1632 670 1692 725 V.
1767 670 1898 725 Ecce
1916 670 2057 725 sicut
2074 668 2212 725 oculi
2238 686 2510 724 servorum
2539 689 2553 723 z
2577 669 2637 723 in
2656 668 2826 724 mani·

1620 742 1722 795 bus
1745 742 2084 795 dominorum
2110 757 2344 795 suorum.

1633 812 1694 866 V.
1768 812 1839 866 Et
1862 813 2002 867 sicut
2037 811 2177 868 oculi
2210 810 2425 866 ancillae
2453 831 2465 866 ε
2490 810 2553 864 in
2577 810 2827 866 manibus

1619 882 1855 938 dominae
1879 900 2009 938 suae.

1632 954 1691 1007 V.
1765 953 1857 1008 Ita
1880 954 2020 1009 oculi
2046 952 2214 1007 nostri
2238 952 2309 1007 ad
2332 950 2629 1005 Dominum
2653 950 2830 1008 Deum

1620 1030 1862 1079 nostrum
1886 1044 1898 1078 ε
1930 1024 2097 1079 donec
2120 1023 2434 1077 misereatur
2457 1022 2641 1076 nostri.

1632 1096 1744 1220 ΚΗ
1768 1094 2020 1151 Miserere
2055 1093 2223 1165 nobis,
2262 1093 2494 1147 Domine
2531 1113 2543 1147 ε
2580 1092 2833 1147 miserere

1620 1182 1692 1221 no
1729 1182 1788 1219 is.

1696 1236 2094 1313 Evanqelium.
2182 1233 2502 1294 Secundum
2528 1231 2801 1293 Lucam‘

1700 1315 1775 1374 In
1802 1314 1899 1372 illo
1924 1325 2200 1393 tempore,
2230 1313 2373 1371 Erat
2398 1313 2442 1372 J
2443 1332 2569 1371 esus
2597 1313 2837 1391 ejiciens

1614 1394 1977 1465 daemonium‚
2007 1402 2070 1452 et
2094 1392 2234 1451 illud
2262 1400 2384 1451 erat
2419 1400 2659 1451 mutum.
2752 1393 2841 1452 Et

1616 1493 1745 1531 cum
1786 1472 2042 1550 ejecisset
2085 1471 2448 1542 daemonium,
2488 1469 2708 1529 locutus
2748 1481 2841 1531 eet

1617 1560 1805 1609 mutus
1832 1559 1892 1609 et
1916 1549 2212 1609 admiratae
2236 1557 2368 1608 sunt
2393 1550 2597 1608 turbae.
2681 1549 2844 1617 Qui-

1618 1630 1749 1687 dam
1776 1637 1969 1687 autem
1996 1648 2069 1687 ex
2100 1629 2179 1687 eis
2204 1628 2476 1686 dixerunt
2498 1648 2514 1699 3
2559 1627 2634 1684 In
2657 1625 2843 1687 Beel-

1622 1709 1801 1767 zebub
1868 1707 2121 1786 principe
2195 1706 2603 1764 dsemoniorum
2667 1708 2844 1784 ejicit

1615 1785 1912 1844 daemonia.
1994 1786 2072 1846 Et
2117 1784 2213 1843 alii
2251 1793 2557 1854 tentantes,
2597 1784 2843 1861 signum

1616 1865 1689 1923 de
1708 1863 1846 1921 coelo
1863 1867 2197 1942 quaerebant
2215 1865 2285 1921 ab
2311 1883 2397 1921 eo.
2482 1861 2615 1940 Ipse
2630 1873 2842 1923 autem

1618 1950 1684 2000 ut
1722 1942 1867 2000 vidit
1900 1943 2259 2021 cogitationes
2286 1961 2502 2012 eorum,
2529 1941 2680 1998 dixit
2709 1944 2844 2016 eis;

1623 2020 1811 2079 Omne
1878 2041 2117 2100 regnum
2169 2020 2230 2077 in
2284 2019 2527 2097 seipsum
2577 2018 2842 2079 divisum

1619 2098 1984 2171 desolabitur,
2029 2107 2089 2157 et
2128 2100 2331 2157 domus
2377 2117 2548 2175 supra
2588 2096 2843 2157 domum
2953 2103 2954 2114 ¹

1619 2178 1799 2236 cadet.
1879 2176 1940 2235 Si
1969 2187 2159 2235 autem
2199 2185 2258 2235 et
2300 2177 2536 2236 Satanas
2572 2175 2635 2232 in
2676 2178 2844 2257 seip-
2953 2245 2954 2258 χ

1619 2275 1743 2314 sum
1785 2255 1994 2314 divisus
2030 2263 2134 2326 est,
2175 2255 2455 2333 quomodo
2488 2254 2659 2312 stabit
2699 2276 2844 2336 reg-

1621 2353 1758 2391 num
1787 2334 2000 2414 ipsius?
2030 2334 2162 2412 quia
2179 2333 2384 2405 dicitis,
2412 2333 2472 2389 in
2499 2331 2843 2394 Beelzebub

1621 2412 1823 2490 ejicere
1862 2433 1954 2472 me
1993 2410 2290 2472 daemonia.
2372 2412 2436 2471 Si
2479 2419 2670 2470 autem
2730 2434 2842 2492 ego

1619 2490 1679 2548 in
1734 2491 2055 2551 Beelzebub
2120 2491 2280 2569 ejicio
2330 2489 2653 2549 daemonia:
2731 2492 2845 2550 filii

1621 2571 1794 2627 vestri
1835 2570 1894 2627 in
1935 2589 2046 2648 quo
2077 2570 2351 2649 ejiciunt?
2434 2567 2576 2626 Ideo
2615 2576 2677 2627 et
2727 2570 2841 2650 ipsi

2429 2646 2611 2705 Porro
2660 2649 2720 2705 si
2783 2652 2841 2707 in

1617 2726 1800 2805 digito
1845 2726 1956 2785 Dei
2000 2727 2161 2805 ejicio
2204 2725 2516 2784 daemonia:
2571 2728 2844 2804 proiecto

1619 2805 1879 2883 pervenit
1930 2806 1991 2862 in
2045 2825 2142 2864 vos
2184 2824 2425 2896 regnum
2467 2803 2597 2862 Dei.
2681 2806 2839 2866 Cum

1619 2884 1780 2941 fortis
1800 2892 2049 2941 armatus
2070 2884 2317 2942 custodit
2335 2882 2542 2940 atrium
2563 2902 2758 2956 suum,
2779 2887 2841 2943 in

1620 2980 1755 3053 pace
1781 2970 1915 3020 sunt
1939 2982 2006 3020 ea
2030 2982 2159 3041 quse
2185 2961 2452 3040 possidet.
2535 2960 2597 3020 Si
2633 2971 2840 3024 autem

1619 3040 1819 3098 {ortior
1858 3039 1955 3098 illo
1995 3040 2394 3118 superveniens
2433 3038 2633 3098 vicerit
2679 3060 2840 3114 eum,

1619 3118 1882 3177 universa
1905 3139 2067 3177 arma
2103 3118 2222 3196 ejus
2262 3118 2499 3191 auferet,
2534 3118 2593 3175 in
2624 3121 2839 3196 quibus

1620 3197 1958 3268 confidebat,
2006 3207 2068 3255 et
2110 3195 2288 3274 spolia
2340 3197 2461 3274 ejus
2502 3196 2838 3257 distribuet.

1624 3274 1741 3342 Qui
1769 3294 1881 3333 non
1900 3283 1986 3334 est
2005 3295 2243 3347 mecum,
2265 3276 2563 3333 adversum
2584 3295 2681 3334 me
2710 3290 2837 3337 est:

1622 3361 1681 3411 et
1708 3353 1804 3430 qui
1845 3373 1959 3411 non
1999 3352 2209 3433 colligit
2248 3373 2488 3426 mecum,
2529 3354 2836 3433 dispergit.

1619 3430 1766 3490 Cum
1830 3432 2161 3490 immundus
2213 3433 2442 3512 spiritus
2494 3433 2709 3492 exierit
2760 3437 2838 3494 ab

1622 3508 1872 3582 homine,
1921 3510 2174 3570 ambulat
2223 3531 2327 3590 per
2375 3509 2498 3568 loca
2542 3512 2837 3589 inaquosa,

1620 3607 1879 3724 quaerens
1931 3590 2214 3667 requiem:
2269 3596 2330 3649 et
2375 3609 2489 3647 non
2535 3590 2837 3654 inveniens

1662 3666 1794 3740 icit;
1825 3668 2103 3726 Revertar
2122 3667 2182 3724 in
2201 3668 2434 3726 domum
2461 3688 2649 3726 meam
2677 3671 2837 3729 unde

1622 3746 1791 3805 exivi.
1872 3745 1950 3805 Et
1995 3766 2123 3804 cum
2164 3746 2404 3817 venerit,
2445 3746 2666 3805 invenit
2703 3768 2837 3806 eam

1619 3823 1800 3902 scopis
1848 3825 2229 3882 mundatam&
2325 3823 2485 3881 Tunc
2541 3824 2712 3896 vadit,
2772 3837 2838 3885 et

1619 3903 1852 3962 assumit
1898 3911 2116 3982 septem
2162 3902 2298 3960 alios
2341 3903 2573 3981 spiritus
2619 3922 2837 3975 secum,

1620 3980 1915 4058 nequiores
1954 4002 2033 4054 se,
2076 3989 2136 4040 et
2176 3981 2412 4060 ingressi
2440 3979 2701 4040 habitant
2727 3981 2834 4040 ibi.

1620 4059 1701 4117 Et
1722 4060 1870 4119 fiunt
1889 4060 2189 4118 novissima
2205 4059 2449 4117 hominis
2469 4059 2618 4118 illius
2633 4058 2841 4138 pejora

1621 4138 1918 4217 prioribus.
2003 4137 2242 4197 Factum
2296 4146 2383 4197 est
2433 4146 2643 4210 autem,
2693 4155 2838 4198 cum

1622 4239 1652 4278 ‘¹
1688 4240 1775 4295 Ps.
1801 4240 1873 4295 ix,
1903 4241 1973 4313 (v.
2003 4241 2085 4311 19,
2115 4241 2189 4314 3.)
2391 4251 2404 4258 ‘

1624 4320 1649 4350 θ
1686 4310 1772 4365 Ps.
1799 4313 1958 4366 cxxii.
1988 4312 2189 4384 (cxxiii.
2220 4313 2266 4380 l,
2293 4311 2343 4381 2,
2373 4311 2449 4384 3.)

1623 4381 1647 4419 f
1677 4400 1790 4453 cap.
1819 4384 1887 4435 xi.
1919 4383 1977 4436 C.
2007 4382 2076 4454 (v.
2108 4382 2324 4450 14-28.)

1625 4458 1744 4508 bet
1769 4458 2030 4507 ornatam.
2059 4453 2287 4509 Fit—92.
2309 4452 2396 4509 97.
2414 4453 2499 4507 98.
2520 4454 2603 4508 57.
