2975 5009
138 220 279 281 109

233 390 526 468 Epistola.
610 387 717 445 Ad
748 387 1115 446 Corinthios.⁸

234 469 495 539 FratreS,
553 467 804 526 Nescitis
845 469 993 545 quod
1049 467 1126 539 hi,
1170 468 1264 544 qui
1309 468 1368 525 in

137 549 340 607 stadio
362 555 619 616 currunt,
649 565 843 604 omnes
863 547 1090 623 quidem
1113 554 1372 616 currunt,

140 628 252 686 sed
283 647 430 684 unus
456 625 662 704 accipit
682 625 939 682 bravium
962 628 985 683 ἓ
1049 624 1142 683 Sic
1161 625 1372 683 currite

141 716 217 765 ut
238 703 757 784 comprehendatiS.
841 703 1045 761 Omnis
1072 704 1246 773 enim,
1274 703 1370 780 qui

144 788 214 843 in
273 804 456 862 agone
510 782 824 851 contendit,
871 784 941 839 ab
995 781 1256 839 omnibus
1311 801 1371 839 se

143 864 435 922 abstinet:
490 869 550 919 et
570 860 655 918 illi
682 858 911 937 quidem
933 867 999 917 ut
1031 860 1373 938 corruptibi-

148 943 273 1001 lem
334 960 598 998 coronam
653 939 965 1017 accipiant:
1027 957 1129 995 nos
1181 947 1371 996 autem

148 1023 568 1097 incorruptam.
655 1017 779 1095 Ego
833 1016 1010 1095 igitur
1061 1016 1141 1073 sic
1187 1036 1372 1087 curro,

148 1120 273 1158 non
303 1098 461 1177 quasi
482 1098 542 1153 in
564 1097 847 1154 incertum
872 1116 885 1153 ε
915 1096 994 1152 sic
1020 1115 1231 1173 pugno,
1259 1114 1374 1151 non

147 1179 318 1258 quasi
365 1196 556 1235 aerem
613 1176 953 1233 verberans:
1010 1174 1110 1231 sed
1162 1172 1375 1252 castigo

148 1277 362 1349 corpus
391 1274 581 1313 meum
610 1260 670 1310 et
698 1253 758 1309 in
785 1251 1120 1310 servitutem
1143 1251 1372 1328 redigo:

152 1356 231 1394 ne
252 1340 404 1394 torte
430 1353 559 1391 cum
600 1330 725 1388 aliis
765 1329 1216 1410 praedicaverim,
1254 1330 1375 1408 ipse

151 1417 434 1493 reprobus
494 1410 726 1470 efficiar.
828 1415 857 1453 b
875 1407 935 1465 N
940 1407 1028 1465 olo
1047 1419 1073 1449 ⁶
1140 1416 1331 1465 autem
1350 1418 1376 1448 ⁰

155 1514 256 1551 vos
296 1493 573 1570 ignorare,
614 1489 836 1558 fratre8‚
877 1486 1146 1564 quoniam
1184 1494 1373 1565 patres

152 1572 342 1630 nostri
411 1587 609 1627 omnes
664 1568 766 1624 sub
816 1568 962 1623 nube
1013 1564 1263 1636 fuerunt,
1314 1573 1375 1623 et

155 1669 362 1708 omnes
405 1667 564 1706 mare
631 1645 1001 1713 transierunt,
1058 1654 1118 1701 et
1179 1662 1374 1701 omnes

156 1729 221 1785 in
269 1728 468 1803 Moyse
514 1722 785 1803 baptizati
833 1728 967 1780 sunt
1006 1721 1067 1778 in
1111 1724 1259 1779 nube
1315 1728 1376 1779 et

157 1808 221 1864 in
280 1807 461 1863 mari:
531 1815 590 1863 et
645 1820 840 1860 omnes
892 1800 1135 1858 eandem
1190 1819 1374 1858 escam

157 1883 515 1964 spiritualem
543 1883 1043 1949 manducaverunt,
1083 1887 1143 1935 et
1181 1896 1378 1936 omnes

159 1965 410 2023 eundem
438 1970 636 2041 potum
679 1956 1029 2037 spiritualem
1072 1957 1374 2015 biberunt:

158 2044 435 2102 bibebant
487 2049 677 2098 autem
723 2038 797 2095 de
835 2034 1134 2114 spirituali,
1182 2054 1377 2093 conse·

159 2132 377 2200 quente
415 2139 528 2190 eOS,
570 2135 766 2198 petra:
816 2124 983 2193 petra
1022 2125 1213 2171 autem
1255 2121 1379 2171 erat

160 2200 448 2260 Christus.

248 2275 561 2336 Gradale.‹1

236 2355 484 2426 Adjutor
505 2351 565 2404 in
589 2346 1086 2420 opportunitatibus
1113 2344 1173 2397 in
1207 2345 1379 2399 tribu-

156 2427 372 2481 latione
394 2444 406 2477 :
432 2430 647 2494 sperent
671 2422 729 2472 in
750 2427 804 2472 te
823 2420 916 2488 qui
944 2422 1281 2469 enoverunte
1307 2423 1376 2484 te,

159 2496 425 2568 quoniam
464 2511 572 2548 non
608 2489 938 2559 derelinquis
973 2493 1273 2557 quaerentes
1309 2493 1379 2556 te,

252 2584 416 2621 mine.

162 2569 251 2693 1¹)so
316 2635 583 2703 Quoniam
620 2650 732 2686 non
765 2631 824 2683 in
860 2630 1024 2682 finem
1058 2627 1255 2682 oblivio
1278 2626 1382 2682 erit

161 2709 444 2795 pauperis:
464 2703 726 2777 patientia
744 2717 1039 2772 pauperum
1057 2716 1163 2752 non
1186 2698 1381 2769 peribit

163 2799 228 2836 m
247 2780 270 2818 ἲ
320 2785 586 2834 aeternum
607 2794 618 2827 ε
638 2773 659 2810 ¹
709 2788 922 2842 exurge,
973 2770 1217 2839 Domine,
1271 2787 1380 2823 non

163 2851 470 2980 prffivajlvegtss
487 2848 803 2995 ὴῖἑῖὶὲὶαίαν
853 2911 1107 2971 Gradale
1155 2911 1382 2987 quando

166 3002 406 3060 dicatur
442 2997 698 3067 Tractus,
726 3001 790 3049 ut
815 2991 1052 3069 supra*

259 3078 557 3137 Tmo-tuas

241 3158 325 3211 De
347 3151 628 3227 profundis
650 3147 877 3204 clamavi
901 3146 969 3199 ad
1007 3151 1078 3215 te,
1118 3145 1347 3199 Domine
1369 3164 1380 3198 ε

170 3229 418 3294 Domine,
446 3222 639 3279 exaudi
665 3236 843 3274 vocem
871 3234 1060 3270 meam.

183 3300 243 3353 V.
320 3298 485 3352 Fiant
531 3309 686 3348 aures
732 3296 844 3344 tuae
893 3287 1235 3340 intendentes
1262 3306 1273 3339 ε
1323 3286 1384 3338 in

171 3370 470 3424 orationem
495 3365 632 3419 servi
656 3361 754 3415 tui.

185 3441 244 3494 V.
319 3440 378 3495 Si
401 3436 718 3506 iniquitates
735 3428 1102 3496 observaveris,
1126 3427 1383 3481 Domine:

176 3511 422 3578 Domine,
449 3508 572 3578 quis
594 3501 883 3559 sustinebit
900 3501 925 3552 ?

187 3582 247 3636 V.
321 3580 464 3646 Quia
521 3576 666 3649 apud
713 3579 768 3625 te
814 3568 1121 3642 propitiatio
1168 3574 1249 3622 est
1271 3588 1281 3620 :
1332 3574 1388 3621 et

174 3660 392 3725 propter
413 3652 586 3722 legem
611 3654 760 3701 tuam
786 3641 1018 3695 sustinui
1045 3647 1112 3708 te,
1141 3639 1382 3693 Domine.

176 3837 205 3865 ⁸
243 3828 270 3880 1
296 3828 367 3882 ad
398 3827 516 3882 Cor.
542 3846 586 3882 c.
614 3827 686 3884 ix.
715 3831 779 3888 D.
807 3833 878 3905 (v.
906 3834 1125 3904 24-27.)

178 3900 209 3936 b
242 3917 352 3982 (rap.
383 3916 434 3952 x.
458 3898 528 3951 A.
558 3898 627 4021 (ζ’.
658 3901 802 3975 1-4)

180 3980 204 4007 c
239 3969 546 4022 emm—26.
628 4011 640 4024 .

180 4040 211 4078 ‘¹
247 4041 331 4094 Ps.
358 4040 430 4093 ix.
461 4041 533 4109 (v.
563 4039 611 4093 9.
643 4043 725 4098 10.
754 4043 838 4098 18.
868 4043 981 4116 19.)

180 4121 206 4150 0
242 4110 648 4169 noverint—94.
675 4115 761 4170 26.
791 4115 877 4171 57.

182 4252 220 4284 θ’
254 4252 382 4305 Non
422 4257 689 4320 repetatur
735 4255 978 4310 Gradale.
1076 4256 1391 4328 Numquam

181 4323 323 4375 enim
350 4328 615 4392 repetatur
655 4326 885 4380 (zv-adole
916 4327 1129 4398 quando
1170 4327 1392 4381 stactus

183 4392 400 4476 habetar
420 4411 456 4447 a
481 4392 879 4466 Septwayesima
900 4414 1062 4481 usque
1080 4398 1153 4451 ad
1176 4397 1393 4452 Gaenam

186 4463 418 4517 Domzm’.
493 4464 567 4519 In
585 4467 883 4520 Dominicis
899 4472 946 4521 et
969 4486 1029 4521 m
1039 4468 1200 4539 sestis
1216 4485 1392 4522 novem

865 232 1224 280 DOMINIGA
1272 233 1348 279 IN
1400 234 1977 284 SEPTUAGESIMA.

2568 219 2693 282 110

1568 390 1886 449 Secundum
1912 390 1997 448 M
1990 392 2305 450 attkaeum.¹²

1563 469 1633 528 In
1657 470 1754 528 illo
1775 479 2052 549 tempore,
2075 470 2243 528 Dixit
2260 468 2303 526 J
2305 489 2428 527 esus
2449 468 2691 548 discipu·

1483 548 1554 606 lis
1601 550 1715 607 suis
1755 548 2080 627 parabolam
2122 548 2307 619 hanc;
2366 546 2566 606 Simile
2606 556 2696 605 est

1483 648 1724 702 regnum
1745 626 2012 685 coelorum
2036 626 2255 684 homini
2283 623 2695 706 patrifamilias,

1484 707 1580 783 qui
1614 707 1758 764 exiit
1784 707 1972 784 primo
2012 726 2179 763 mane
2221 705 2532 763 conducere
2560 723 2692 782 ope-

1483 784 1661 843 rarios
1686 784 1747 841 in
1776 785 1998 843 vineam
2026 805 2204 842 suam.
2302 782 2693 843 Conventione

1484 872 1678 921 autem
1706 862 1852 920 facta
1890 884 2017 921 cum
2060 862 2332 943 operariis
2361 880 2434 919 ex
2461 860 2696 918 denario

1483 942 1709 1013 diurno,
1738 942 1894 1000 misit
1922 961 2014 1001 eos
2035 942 2095 1000 in
2121 943 2340 1000 vineam
2359 960 2535 997 suam.
2618 937 2697 997 Et

1485 1041 1741 1095 egressus
1795 1022 1942 1079 circa
1993 1019 2192 1078 horam
2246 1019 2497 1089 tertiam,
2552 1017 2697 1077 vidit

1484 1098 1622 1157 alios
1650 1107 1866 1157 stantes
1905 1100 1965 1156 in
2004 1096 2130 1157 foro
2170 1098 2394 1168 otiosos,
2442 1104 2503 1155 et
2545 1096 2697 1154 dixit

1486 1177 1597 1236 illis
1619 1199 1634 1249 ;
1683 1177 1775 1237 Ite
1803 1187 1862 1236 et
1889 1198 1984 1236 vos
2024 1179 2083 1235 in
2126 1178 2350 1235 vineam
2393 1195 2599 1244 meam,
2637 1185 2698 1233 et

1486 1257 1636 1335 quod
1677 1257 1896 1334 justum
1938 1257 2111 1315 fuerit
2155 1257 2302 1313 dabo
2336 1255 2512 1312 vobis.
2599 1252 2696 1311 Illi

1486 1343 1679 1394 autem
1707 1336 1989 1394 abierunt.
2075 1335 2298 1393 Iterum
2335 1343 2525 1391 autem
2555 1332 2700 1391 exiit

1487 1416 1635 1471 circa
1660 1423 1882 1472 sextam
1905 1423 1963 1471 et
1984 1433 2192 1471 nonam
2220 1412 2420 1470 horam
2446 1430 2457 1468 z
2487 1419 2545 1468 et
2564 1408 2698 1469 fecit

1487 1491 1769 1550 similiter.
1851 1491 2016 1550 Circa
2032 1491 2387 1549 undecimam
2403 1508 2538 1547 vero
2555 1490 2699 1547 exiit

1488 1578 1547 1629 ct
1574 1571 1793 1627 invenit
1831 1569 1967 1626 alios
2006 1578 2242 1639 stanteS,
2271 1579 2330 1627 et
2357 1568 2507 1625 dixit
2545 1566 2695 1636 illis;

1493 1649 1647 1716 Quid
1665 1648 1757 1705 hic
1777 1649 1940 1705 statis
1956 1656 2079 1705 tota
2093 1648 2186 1705 die
2204 1646 2368 1703 otiosi
2387 1648 2410 1704 ἓ
2482 1645 2698 1703 Dicunt

1489 1728 1582 1798 ei;
1641 1726 1792 1795 Quia
1819 1746 1988 1784 nemo
2018 1745 2117 1783 nos
2153 1725 2447 1784 conduxit.
2532 1724 2698 1781 Dixit

1490 1803 1638 1876 illis;
1695 1804 1788 1863 Ite
1835 1814 1894 1863 et
1948 1824 2044 1862 vos
2096 1804 2157 1861 in
2212 1803 2434 1860 vineam
2490 1822 2694 1859 meam.

1489 1885 1635 1944 Cum
1679 1904 1805 1942 sero
1843 1891 2034 1941 autem
2080 1882 2289 1940 sactum
2338 1889 2503 1949 esset,
2549 1880 2700 1937 dixit

1488 1965 1751 2021 dominus
1782 1963 1960 2020 vineae
1987 1960 2344 2040 procuratori
2371 1978 2470 2017 suo
2492 1980 2508 2029 ;
2540 1957 2703 2015 Voca

1492 2042 1794 2120 operariOS,
1849 2049 1908 2099 et
1962 2041 2137 2099 redde
2190 2037 2303 2096 illis
2356 2037 2700 2106 mercedem,

1488 2121 1765 2199 incipiens
1781 2140 1815 2177 a
1831 2119 2148 2178 novissimis
2169 2138 2345 2209 usque
2365 2117 2437 2175 ad
2457 2117 2692 2194 primos.

1492 2197 1637 2259 Cum
1678 2200 1966 2257 venissent
2005 2218 2141 2275 ergo
2166 2217 2262 2275 qui
2291 2196 2438 2255 circa
2467 2195 2699 2252 undeci-

1493 2298 1644 2335 mam
1673 2277 1872 2335 horam
1901 2285 2198 2346 venerant,
2224 2283 2561 2354 acceperunt
2585 2273 2700 2331 sin-

1492 2356 1651 2433 gulos
1687 2356 1965 2415 denarios.
2049 2354 2365 2414 Venientes
2405 2362 2595 2410 autem
2643 2360 2705 2409 et

1492 2435 1684 2513 primi,
1713 2433 1974 2493 arbitrati
2012 2441 2145 2491 sunt
2184 2433 2333 2511 quod
2360 2430 2485 2511 plus
2514 2438 2701 2489 essent

1492 2515 1809 2592 accepturi:
1865 2519 2201 2590 acceperunt
2246 2519 2436 2568 autem
2486 2517 2546 2568 et
2590 2508 2698 2587 ipsi

1492 2591 1741 2670 singulos
1756 2591 2034 2650 denarios.
2095 2589 2176 2648 Et
2190 2589 2526 2667 accipientes
2544 2608 2699 2644 mur·

1495 2672 1798 2728 murabant
1871 2670 2136 2727 adversus
2216 2665 2697 2746 patremfamilias,

1494 2750 1778 2819 dicentes;
1828 2747 1913 2805 Hi
1962 2748 2248 2804 novissimi
2285 2765 2399 2802 una
2441 2744 2580 2800 hora
2618 2742 2698 2802 fe·

1494 2835 1714 2897 cerunt,
1756 2835 1817 2884 et
1847 2845 2012 2904 pares
2040 2823 2163 2882 illos
2191 2825 2351 2881 nobis
2375 2821 2573 2890 fecisti,
2602 2823 2698 2900 qui

1493 2907 1840 2985 portavimus
1914 2903 2135 2981 pondus
2200 2902 2314 2959 diei
2383 2909 2442 2958 et
2508 2909 2696 2957 aestuS.

1496 2986 1579 3042 At
1605 2982 1701 3041 ille
1742 2982 2107 3061 respondem,
2150 2980 2249 3037 uni
2290 2998 2486 3037 eorum
2516 2977 2697 3036 dixit:

1499 3063 1724 3132 Amice,
1753 3082 1866 3120 non
1886 3059 2030 3118 facio
2048 3059 2153 3116 tibi
2174 3057 2479 3134 injuriam:
2510 3076 2700 3113 nonne

1497 3161 1571 3198 ex
1598 3141 1832 3199 denario
1858 3137 2170 3198 convenisti
2198 3154 2419 3193 mecum
2436 3137 2462 3190 Ῥ
2540 3133 2699 3194 'I'olle

1496 3221 1645 3297 quod
1686 3227 1846 3277 tuum
1889 3226 1993 3287 est,
2023 3224 2082 3275 et
2115 3215 2291 3273 vade:
2341 3211 2466 3271 volo
2507 3222 2697 3271 autem

1498 3309 1558 3357 et
1597 3298 1727 3355 huic
1766 3297 2069 3356 novissimo
2103 3295 2240 3353 dare
2276 3293 2421 3351 sicut
2468 3299 2528 3351 et
2573 3293 2698 3351 tibi.

1498 3376 1514 3413 ¹
1548 3377 1692 3435 Αῐι1
1766 3396 1881 3433 non
1949 3375 2085 3432 licet
2149 3371 2293 3430 mihi
2360 3372 2510 3449 quod
2575 3370 2702 3429 volo

1497 3455 1725 3515 facere?
1771 3475 1844 3513 an
1899 3451 2086 3512 oculus
2125 3459 2255 3510 tuus
2308 3471 2381 3509 ne
2420 3471 2551 3508 uam
2596 3458 2701 3520 est,

1498 3535 1629 3611 quia
1695 3553 1801 3613 ego
1865 3535 2044 3591 bonus
2112 3532 2283 3589 sum?
2428 3531 2480 3587 ic
2531 3540 2702 3588 erunt

1499 3613 1785 3671 novissimi
1821 3613 2013 3692 primi,
2055 3618 2115 3669 et
2159 3608 2332 3689 primi
2373 3608 2698 3666 novissimi:

1500 3831 1520 3867 f
1550 3831 1950 3890 finem-SRM.
1981 3837 2063 3891 15.

1500 3912 1527 3948 8
1564 3902 1648 3955 Ps.
1676 3904 1851 3957 cxxix.
1879 3906 2055 3977 (cxxx.
2086 3909 2231 3980 1-4.)

1501 3972 1531 4053 {¹
1567 3991 1678 4044 cap.
1706 3993 1794 4028 xx,
1823 3976 1891 4029 A.
1917 3979 1986 4049 (v.
2017 3978 2196 4050 1-16.)

1502 4054 1518 4080 ¹
1553 4043 1633 4098 ita
1659 4046 1740 4099 15.
1769 4045 1858 4101 Sto.
1885 4049 2151 4104 aut—4L.
2182 4051 2264 4105 13.
2293 4050 2358 4106 V.

1502 4256 1778 4339 lectionum
1837 4261 2052 4314 canitur
2112 4262 2332 4317 Tractus
2390 4282 2426 4317 a
2480 4271 2710 4336 quatuor

1504 4326 1700 4381 clericis
1740 4329 1803 4382 de
1841 4333 2104 4415 superiori
2134 4336 2327 4403 yradu,
2368 4341 2428 4388 ut
2458 4341 2607 4405 patet
2649 4339 2710 4390 iu

1494 4414 1680 4523 &anat-1
1737 4399 2022 4455 Domzmca
2074 4403 2348 4460 Adventus
2401 4407 2712 4460 Domini.—
