2975 5009
114 225 195 290 45
215 240 440 290 FsmA
474 240 572 289 lv,
607 243 818 290 HEBD.
852 241 948 290 lv,
983 239 1382 290 AnvEs'rus.

112 398 347 466 Quando
395 406 457 456 et
503 404 721 476 septem
771 416 944 477 panes
983 396 1044 453 in
1084 404 1325 474 quatuor

35 489 45 496 '
112 475 285 534 millia
304 476 600 535 hominum
611 497 628 548 3
650 486 788 553 quot
807 484 1024 555 sportas
1039 473 1323 553 fragmen-

111 564 296 613 torum
314 554 563 614 tulistis?
618 555 696 613 Et
715 553 912 613 dicunt
927 554 997 612 ei.
1069 554 1320 631 Septem.

113 634 190 693 Et
240 634 467 692 dicebat
521 633 601 692 eis
621 676 634 689 .
721 632 1021 700 Quomodo
1073 631 1326 689 nondum

111 711 468 791 intelligitis?
547 712 627 770 Et
661 711 897 769 veniunt
921 709 1324 781 Bethsaidam,

111 797 168 848 et
185 789 476 848 adducunt
493 789 546 849 ei
572 810 801 860 caecum,
819 797 880 847 et
899 790 1174 868 rogabant
1194 808 1326 846 eum

109 877 173 926 ut
227 868 392 925 illum
452 876 734 945 tangeret.
832 866 913 926 Et
974 866 1328 945 apprehensa

110 966 280 1003 manu
316 946 467 1017 caeci,
502 946 703 1005 eduxit
744 966 874 1004 eum
915 953 1083 1004 extra
1122 945 1324 1014 vicum,

110 1033 168 1084 et
209 1044 492 1103 exspuens
531 1024 592 1081 in
635 1023 822 1084 oculos
861 1023 998 1103 ejuS,
1052 1022 1329 1100 impositis

1535 241 1822 289 V1el121A
1855 242 2331 295 NAT1V1¹1=Aw1s
2361 247 2511 295 nm.
2558 230 2645 295 46

1437 395 1695 455 manibus
1721 398 1854 470 suiS,
1883 398 2253 481 interrogavit
2280 422 2408 461 eum
2437 401 2486 461 si
2510 402 2647 480 quid

1438 474 1675 534 videret.
1786 477 1863 535 Et
1909 478 2199 556 aspicienS,
2251 481 2350 538 ait.
2460 480 2650 539 Video

1437 551 1698 612 homines
1765 554 1921 613 velut
1981 559 2212 616 arbores
2277 558 2647 618 ambulantes.

1439 630 1666 690 Deinde
1705 633 1912 691 iterum
1948 634 2225 714 imposuit
2256 656 2453 696 manus
2480 657 2648 716 super

1441 708 1626 768 oculos
1666 711 1804 789 ejus,
1843 719 1904 771 et
1941 732 2023 771 coe
2065 714 2112 773 it
2147 715 2353 787 videre,
2385 723 2446 775 et
2484 716 2648 774 resti-

1436 794 1595 845 tutus
1635 798 1723 847 est
1768 790 1850 848 ita
1888 800 1954 849 ut
1992 812 2023 849 c
2111 812 2143 851 e
2182 793 2402 853 videret
2440 796 2648 854 omnia.

1438 865 1518 923 Et
1537 867 1693 925 misit
1721 866 1878 926 illum
1901 869 1960 927 in
1980 871 2211 928 domum
2240 891 2417 943 suam,
2432 873 2643 932 dicens.

1445 943 1617 1004 Vade
1656 946 1717 1003 in
1758 947 1988 1005 domum
2016 956 2192 1021 tuam,
2221 958 2280 1009 et
2307 950 2353 1009 si
2380 950 2438 1008 in
2465 952 2649 1010 vicum

1442 1022 1748 1097 introieris,
1778 1026 1991 1085 nemini
2024 1027 2258 1087 dixeris,

758 1284 851 1355 In
900 1281 1173 1377 vigilia
1221 1281 1629 1354 Nativaata
1676 1284 1996 1358 Domini.

186 1465 294 1525 Ad
321 1464 588 1525 Missam.
676 1465 955 1544 Officium.

187 1544 388 1603 Hodie
427 1544 610 1604 scietis
646 1547 778 1622 quia
820 1544 1007 1604 veniet
1046 1541 1326 1601 Dominus

111 1630 170 1681 et
196 1622 436 1681 salvabit
462 1643 577 1694 voS,
608 1633 667 1683 et
703 1643 871 1681 mane
906 1621 1167 1681 videbitis
1205 1619 1326 1700 glo-

110 1702 256 1759 riam
288 1701 458 1779 ejuS.⁸
970 1700 978 1708 ’

190 1777 484 1836 Psalmus.

183 1856 407 1910 Domini
449 1862 531 1910 est
578 1862 720 1909 terra
766 1861 822 1909 et
860 1854 1144 1927 plenitudo
1181 1853 1327 1925 ejus:

109 1926 252 2036 orbis
270 1934 533 1981 terrarum
552 1933 608 1980 et
628 1927 861 1980 universi
878 1927 971 1997 qui
998 1926 1249 1981 habitant
1270 1925 1331 1978 in

108 2014 182 2051 eo.

189 2068 267 2128 Si
291 2069 407 2126 hoec
438 2068 648 2143 viyilia
688 2068 755 2125 in
792 2068 1106 2126 Dominica
1145 2088 1329 2125 evene-

106 2147 208 2219 rit,
236 2147 456 2204 dicitur
480 2155 677 2204 cantus
708 2168 874 2224 super
911 2146 1112 2222 Kyrie,
1155 2146 1329 2205 Sanc-

105 2234 200 2283 tus
249 2233 304 2283 et
343 2225 571 2302 Agnus,
617 2226 762 2282 sicut
800 2225 867 2283 in
895 2224 1040 2301 festo
1078 2224 1332 2301 simplici

104 2324 309 2362 ‘novem
350 2303 662 2375 lectionwm,
711 2305 804 2361 sin
857 2311 1061 2373 autem,
1115 2302 1332 2360 dicitur

104 2390 319 2439 cantus
333 2380 516 2456 serice.

192 2458 418 2518 Oratio.

187 2538 373 2609 Deus,
399 2538 494 2614 qui
529 2557 631 2596 nos
671 2535 1078 2628 redemptionis
1120 2544 1328 2595 nostrae

101 2636 303 2674 annua
344 2616 736 2695 expectatione
779 2615 1052 2686 laetlficaS,
1096 2625 1324 2693 praesta,

102 2703 170 2752 ut
226 2694 612 2773 Unigenitum
651 2703 812 2752 tuum
854 2713 1024 2771 quem
1066 2693 1333 2772 redemp-

101 2782 303 2831 torem
330 2772 449 2830 laeti
476 2774 821 2851 suscipimus,
849 2772 1172 2831 venientem
1195 2792 1330 2849 quo·

102 2871 221 2929 que
267 2851 521 2930 judicem
565 2852 746 2910 securi
781 2852 1084 2920 videamuS‚
1133 2850 1330 2908 Domi-

104 2950 252 2986 num
281 2938 541 2987 nostrum
562 2930 607 2987 J
608 2950 762 2988 esum
784 2928 1093 2999 Christum,
1117 2928 1329 2986 Filium

102 3017 275 3067 tuum
299 3028 318 3078 ;
356 3008 468 3075 Qui
492 3015 699 3066 tecum.

186 3086 383 3143 Nulla
397 3086 513 3161 fiat
538 3086 826 3143 memoria.

216 3165 383 3223 Unus
432 3185 581 3241 puer
641 3165 888 3241 acolytus
950 3162 1094 3238 leqat
1149 3163 1330 3220 lectio-

103 3263 257 3314 nem,
299 3242 432 3299 alba
460 3242 711 3313 indutus,
742 3242 820 3298 ad
857 3240 1101 3317 yradwm
1133 3242 1289 3299 chori
1307 3265 1330 3313 ,-

106 3328 306 3378 tamen
338 3321 393 3377 si
424 3320 737 3378 Domin-ica
763 3319 965 3396 fuerit,
1011 3319 1226 3395 Ieyatur
1265 3320 1332 3377 in

92 3400 356 3477 puspitO,
385 3407 436 3456 et
462 3420 674 3475 semper
701 3419 826 3455 cum
852 3419 950 3455 suo
978 3397 1158 3455 titulo,

184 3477 391 3536 Lectio
416 3476 612 3534 Esaiae
636 3477 977 3553 Prophetoe.⁰

185 3556 345 3614 Haec
371 3555 510 3613 dicit
535 3554 813 3612 Dominus
841 3555 1016 3613 Deus·
1091 3552 1334 3632 Propter
1370 3581 1375 3586 ·

100 3635 252 3695 Sion
283 3654 403 3692 non
442 3634 658 3705 tacebo,
701 3640 760 3691 et
797 3643 1032 3711 propter
1058 3631 1331 3691 Hierusa-

97 3713 220 3772 lem
245 3732 367 3770 non
385 3711 686 3802 quiescam,
706 3712 887 3770 donec
915 3711 1240 3789 egrediatur
1267 3722 1333 3769 ut

94 3791 384 3871 splendor
406 3799 592 3868 Justus
619 3790 756 3868 ejus,
786 3797 846 3848 et
863 3788 1103 3847 salvator
1130 3790 1248 3867 ejus
1267 3797 1333 3848 ut

92 3871 331 3962 lampas
347 3868 703 3926 accendatur.
782 3868 863 3926 Et
889 3868 1162 3927 videbunt
1177 3869 1328 3927 Gen-

91 3958 187 4010 tes
211 3955 441 4029 Justum
469 3955 653 4017 tuum,
676 3954 733 4005 et
753 3946 937 4004 cuncti
965 3966 1127 4025 reges
1154 3946 1328 4023 incly-

92 4037 228 4087 tum
275 4035 465 4096 tuum,
513 4033 571 4083 et
624 4025 913 4083 vocabitur
964 4024 1068 4082 tibi
1121 4045 1328 4083 nornen

92 4124 346 4175 novum,
394 4102 548 4180 quod
603 4122 665 4161 os
716 4102 951 4161 Domini
997 4103 1327 4163 nominavit.

93 4312 121 4412 ξ
162 4295 654 4448 (ιῗέῗὲἒὲῗῗὶζέῑ
680 4296 757 4437 {53

93 4457 117 4485 c
157 4460 285 4515 cap,
321 4436 439 4489 lxu.
468 4438 539 4491 A.
568 4436 640 4505 (v.
672 4437 815 4508 1-4.)

1437 1464 1517 1523 Et
1544 1465 1656 1524 eris
1683 1485 1889 1525 corona
1912 1467 2109 1546 gloriae
2127 1470 2185 1527 in
2206 1490 2378 1529 manu
2396 1470 2648 1544 Domini,

1438 1555 1500 1602 et
1544 1544 1803 1602 diadema
1856 1548 2017 1624 regni
2072 1546 2132 1604 in
2185 1568 2355 1606 manu
2395 1549 2505 1608 Dei
2545 1552 2649 1609 tui.

1438 1620 1575 1679 Non
1640 1623 1926 1683 vocaberis
1996 1623 2150 1682 ultra
2217 1626 2519 1699 Derelicta,
2591 1637 2652 1687 et

1438 1707 1597 1758 terra
1622 1707 1720 1758 tua
1745 1721 1861 1759 non
1887 1703 2179 1762 vocabitur
2204 1704 2444 1783 amplius
2471 1707 2652 1766 Deso-

1441 1777 1587 1838 lata:
1644 1780 1742 1837 sed
1784 1782 2067 1840 vocaberis
2111 1781 2396 1841 Voluntas
2431 1805 2559 1844 mea
2590 1786 2651 1842 in

1443 1878 1526 1929 ea,
1582 1866 1641 1916 et
1693 1865 1851 1916 terra
1903 1868 2003 1918 tua
2061 1860 2471 1921 inhabitabitur
2524 1864 2655 1941 quia

1443 1936 1776 2070 comgilacuit
1803 1937 2052 1996 Domino
2078 1939 2136 1997 in
2165 1948 2242 1998 te,

1444 2015 1754 2170 Epis-ilde
1808 2016 2008 2093 absque
2075 2018 2372 2076 intervallo
2439 2020 2655 2096 lcqatur

1595 2101 1649 2150 to
1672 2113 1725 2150 α.

1519 2171 1713 2228 Lectio
1753 2171 2025 2249 Epistolae
2065 2174 2211 2232 beati
2248 2175 2434 2233 Pauli
2470 2176 2655 2254 Apos-

1442 2249 1546 2306 toli
1572 2249 1650 2305 ad
1675 2249 2006 2308 Romanos.‘¹

1509 2328 1760 2398 Fratres,
1782 2326 2006 2400 PauluS,
2036 2349 2228 2389 servus
2248 2330 2292 2389 J
2293 2351 2390 2390 esu
2420 2331 2653 2405 Christi,

1443 2414 1667 2464 vocatus
1694 2405 2012 2484 Apostolus,
2043 2418 2365 2488 segregatus
2387 2411 2448 2466 in
2466 2411 2655 2470 Evan-

1441 2483 1652 2619 {elium
1680 2484 1808 2556 Dei,
1838 2487 1986 2561 quod
2013 2502 2147 2545 ante
2177 2488 2510 2566 promiserat
2549 2511 2654 2568 per

1493 2562 1759 2639 rophetas
1807 2582 1932 2621 suos
1968 2565 2026 2621 in
2070 2564 2376 2643 Scripturis
2429 2570 2654 2640 sanctis,

1445 2641 1518 2699 de
1541 2639 1686 2699 Filio
1712 2660 1827 2713 suo,
1846 2642 1942 2718 qui
1964 2642 2142 2701 factus
2160 2653 2245 2702 est
2266 2645 2318 2703 ei
2340 2666 2412 2704 ex
2439 2647 2655 2706 semine

1446 2719 1635 2777 David
1685 2721 1992 2779 secundum
2051 2742 2297 2792 carnem,
2358 2723 2455 2800 qui
2506 2745 2656 2802 prae-

1444 2797 1759 2855 destinatus
1812 2806 1898 2857 est
1942 2798 2119 2857 Filius
2165 2801 2277 2859 Dei
2329 2801 2390 2857 in
2441 2802 2653 2863 virtute

1445 2876 1750 2934 secundum
1783 2875 2060 2953 Spiritum
2087 2877 2546 2937 sanctificationis
2579 2902 2654 2940 ex

1444 2952 1853 3013 resurrectione
1875 2963 2247 3025 mortuorum,
2274 2954 2318 3013 J
2318 2976 2416 3015 esu
2441 2958 2656 3018 Christi

1442 3031 1678 3089 Domini
1708 3033 1903 3091 nostri.
1991 3032 2106 3092 Per
2145 3053 2312 3110 quem
2341 3038 2655 3114 accepimus

1440 3110 1681 3187 gratiam
1726 3119 1785 3168 et
1833 3111 2232 3190 Apostolatum
2272 3113 2342 3170 ad
2388 3115 2653 3174 obedien-

1441 3189 1579 3245 dum
1633 3188 1769 3247 fidei
1825 3190 1884 3246 in
1932 3192 2189 3250 omnibus
2232 3192 2496 3270 gentibus
2549 3215 2653 3273 pro

1444 3267 1672 3327 nomine
1726 3268 1863 3346 ejus,
1912 3269 1973 3326 in
2025 3271 2228 3346 quibus
2275 3271 2409 3330 estis
2455 3280 2514 3331 et
2556 3293 2653 3332 vos

1447 3346 1629 3404 vocati
1655 3344 1699 3403 J
1700 3366 1795 3405 esu
1811 3347 2025 3407 Christi
2054 3348 2289 3407 Domini
2317 3351 2513 3409 nostri.

1532 3435 1803 3494 Gradale.

1516 3512 1693 3568 Hodie
1728 3515 1903 3569 scietis
1938 3515 2067 3585 quia
2089 3517 2270 3571 veniet
2306 3517 2569 3574 Dominus
2604 3527 2660 3574 et

1445 3584 1675 3666 salvabit
1699 3602 1831 3639 nos:
1876 3593 1931 3640 et
1967 3604 2127 3642 mane
2150 3589 2402 3644 videbitis
2433 3591 2659 3662 gloriam

1444 3671 1473 3707 e
1498 3664 1606 3709 use

1503 3767 1517 3779 .
1589 3725 1694 3790 Qui
1719 3726 1857 3797 regis
1879 3725 2062 3796 Israel,
2087 3728 2342 3782 intende:
2376 3730 2471 3799 qui
2495 3730 2659 3785 dedu-

1443 3794 1520 3849 cis
1544 3797 1693 3850 velut
1716 3814 1867 3852 ovem
1892 3797 2109 3869 Joseph.
2203 3799 2306 3864 Qui
2331 3800 2479 3854 sedes
2501 3819 2662 3872 super

1443 3867 1718 3935 cherubin,
1746 3885 1943 3939 appare
1966 3886 2143 3923 eoram
2167 3868 2440 3940 Ephraim,
2461 3871 2660 3943 Benja-

1442 3939 1557 3990 min
1583 3943 1637 3991 et
1661 3938 1950 3993 Manasses

1521 4009 1594 4068 Si
1612 4011 1725 4067 haec
1754 4010 1970 4085 Viqilia
1990 4011 2056 4068 in
2073 4008 2387 4069 Dominica
2403 4015 2655 4087 evenerit,

1441 4087 1615 4145 missa
1632 4088 1699 4145 de
1717 4086 2031 4148 Dominica
2052 4089 2118 4146 in
2136 4090 2382 4168 capitulo
2399 4091 2613 4150 dicitur
2635 4117 2659 4167 ;

1443 4295 1472 4332 ἃ
1510 4311 1622 4366 cap.
1652 4291 1685 4347 i.
1718 4295 1786 4348 A.
1812 4295 1881 4365 (v.
1914 4295 2058 4367 1-6.)

1448 4375 1472 4402 θ
1537 4365 1631 4418 Ex.
1659 4365 1764 4418 xvi.
1803 4368 1875 4438 7.)

1448 4436 1469 4473 s
1552 4454 1590 4490 s,
1620 4435 1785 4490 lxxix.
1816 4436 1984 4506 (lxxx.
2017 4438 2043 4490 1
2091 4438 2167 4508 2.)
