2975 5009
141 187 221 251 21
386 202 606 254 ΗΕΒῐ).
643 205 671 251 1
701 202 1105 254 Anvnmus.

138 356 344 417 lucem:
352 358 689 436 populorum
697 360 1025 437 requiescet.
1063 358 1249 436 Prope
1259 365 1344 418 est

133 435 311 515 justus
328 457 508 509 meus»,
530 457 783 516 egressus
805 447 892 496 est
910 436 1150 496 salvator
1167 456 1341 508 meus,

139 526 197 572 et
233 515 465 573 brachia
515 535 642 574 mea
692 516 928 594 populos
969 516 1340 594 judicabunt:

138 613 227 650 me
266 592 468 651 insulae
508 596 909 671 expectabunt,
950 605 1009 653 et
1049 592 1338 652 brachium

139 691 324 727 meum
387 672 765 730 sustinebunt.
872 672 1087 731 Levate
1155 669 1338 731 oculos

135 756 349 807 vestros
379 749 441 805 in
468 748 690 821 coelum,
733 758 793 808 et
831 750 1019 810 videte
1047 751 1151 807 sub
1184 757 1340 809 terra

132 827 431 886 deorsum:
487 827 621 905 quia
671 828 793 886 coeli
841 829 982 887 sicut
1031 827 1217 886 fumus
1270 827 1337 886 li-

132 914 420 981 quescent,
457 916 518 965 et
558 914 715 964 terra
753 906 896 965 sicut
933 906 1335 966 vestimentum

131 991 432 1055 atteretur,
489 991 551 1043 et
605 983 949 1044 habitatores
1006 986 1126 1063 ejus
1191 984 1336 1044 sicut

132 1060 254 1120 haec
290 1061 647 1123 interibunt:
688 1062 835 1120 salus
872 1071 1063 1123 autem
1105 1082 1234 1120 mea
1271 1064 1331 1121 in

131 1140 542 1217 sempiternum
582 1140 711 1213 erit,
740 1151 800 1202 et
818 1142 1040 1219 justitia
1065 1161 1194 1199 mea
1217 1160 1331 1199 non

133 1217 378 1277 deficiet.
420 1218 636 1278 Audite
657 1240 768 1293 me,
790 1220 886 1297 qui
907 1221 1056 1278 scitis
1068 1220 1285 1298 justum
1310 1242 1329 1294 3

130 1295 366 1373 populus
430 1316 608 1369 mene,
672 1297 769 1358 lex
838 1317 967 1356 mea
1034 1302 1093 1356 in
1162 1299 1330 1360 corde

132 1394 325 1432 eorum
351 1395 367 1433 :
439 1373 616 1434 nolite
686 1378 894 1435 timere
965 1376 1329 1455 opprobrium

132 1451 447 1524 hominum,
490 1460 549 1511 et
588 1452 961 1532 blasphemias
1007 1474 1202 1513 eorum
1256 1477 1329 1517 ne

132 1531 414 1589 metuatis·
499 1530 658 1590 Sicut
703 1534 857 1591 enim
911 1534 1327 1608 vestimentum,

129 1609 209 1666 sic
266 1609 529 1668 comedet
582 1629 677 1668 eos
742 1612 998 1670 vermis:
1072 1619 1132 1671 et
1184 1613 1329 1673 sicut

127 1685 337 1758 lanam,
382 1687 460 1745 sic
499 1689 795 1747 devorabit
821 1709 915 1747 eos
939 1690 1093 1749 tinea
1108 1712 1127 1749 z
1182 1691 1331 1749 salus

127 1772 316 1823 autem
356 1765 523 1824 meab
561 1766 622 1822 in
661 1768 1067 1845 sempiternum
1108 1770 1238 1842 erit,
1271 1778 1331 1828 et

122 1843 343 1921 justitia
372 1864 502 1903 mea
516 1844 541 1876 ¹’
579 1843 639 1901 in
677 1846 1070 1923 generationes
1095 1868 1330 1926 genera-

123 1922 363 1981 tionum.

191 1999 496 2077 Sequentia
522 1998 720 2057 Sancti
736 1999 1064 2077 Evanyelii.
1123 2001 1332 2062 Secun-

124 2078 266 2135 dum
284 2078 669 2136 Matthoeum.0

183 2157 261 2213 In
275 2156 374 2215 illo
388 2164 663 2234 tempore,
674 2155 853 2215 Venit
867 2155 910 2214 J
909 2157 1158 2218 ohannes
1175 2159 1328 2239 Bap-

121 2234 260 2292 tista
298 2234 616 2313 praedicans
654 2234 714 2291 in
751 2235 976 2294 deserto
1001 2237 1044 2294 J
1046 2239 1239 2311 udoeae,
1269 2248 1329 2298 et

119 2313 352 2373 dicens:
382 2312 784 2371 Paenitentiam
804 2314 990 2391 agite:
1019 2319 1326 2396 appropin-

45 2430 52 2437 ·
119 2392 321 2468 quabit
374 2391 527 2449 enim
568 2410 806 2469 regnum
844 2393 1129 2452 coelorum.
1211 2397 1328 2456 Hic

117 2478 209 2528 est
225 2469 400 2540 enim,
420 2470 494 2527 de
514 2470 853 2545 quo-dictum
871 2480 957 2529 est
975 2491 1079 2549 per
1099 2474 1326 2534 Esaiam

117 2546 466 2627 prophetam
493 2547 810 2607 dicentem:
870 2547 1007 2607 Vox
1026 2550 1325 2612 damantis

1699 202 1873 254 DOM.
1907 204 1967 252 11
1996 204 2396 254 Anvnmus.
2572 183 2658 253 22

1456 357 1517 414 in
1570 356 1843 418 deserto:
1915 357 2122 419 Parate
2175 360 2322 419 viam
2375 360 2654 419 Domini:

1454 443 1639 495 rectas
1673 434 1839 496 facite
1872 437 2100 496 semitas
2127 437 2261 515 ojus·
2343 438 2475 517 Ipse
2492 438 2518 472 ‘¹
2556 459 2652 496 au-

1453 521 1571 572 tem
1586 513 1611 545 ‘¹
1629 511 1882 572 Joannes
1903 514 2145 574 habebat
2167 516 2565 574 vestimentum
2581 518 2655 576 de

1451 591 1584 668 pilis
1622 591 1980 663 camelorum,
2022 603 2082 651 et
2123 614 2323 652 zonam
2363 594 2650 671 pelliceam

1450 670 1600 728 circa
1651 669 1870 729 lumbos
1916 690 2081 743 suos;
2136 693 2261 730 esca
2299 680 2488 730 autem
2533 673 2652 751 ejus

1450 755 1575 806 erat
1621 746 1833 807 locusta
1870 756 1930 808 et
1968 748 2083 807 mel
2122 749 2393 808 silvestre.
2494 751 2654 809 'I'unc

1449 825 1645 883 exibat
1668 826 1741 884 ad
1767 847 1897 885 eum
1940 826 2355 904 Hierosolyma,
2384 835 2444 887 et
2470 828 2652 887 omnis

1448 903 1492 960 J
1494 904 1674 976 udaea,
1714 912 1775 963 et
1818 904 2003 963 omnis
2042 906 2201 983 regio
2248 905 2395 964 circa
2439 906 2481 963 J
2484 907 2655 965 orda-

1447 1001 1616 1054 nem;
1661 990 1720 1040 et
1746 981 2181 1060 baptizabantur
2206 985 2277 1041 ab
2318 1003 2385 1042 eo
2412 983 2473 1041 in
2512 984 2556 1043 J
2559 1004 2649 1043 or-

1445 1059 1975 1131 dane‚.confitentes
2043 1069 2230 1120 eccata
2254 1063 2414 1120 suast*

1524 1136 1599 1196 Si
1637 1158 1763 1195 vero
1803 1145 1955 1195 sexta
2018 1139 2141 1196 eria
2179 1161 2293 1197 ‘non
2330 1140 2653 1201 vacaverit:

1435 1215 1718 1290 praedicta
1746 1214 2013 1292 Epistola
2044 1225 2095 1274 et
2128 1217 2508 1293 Evauyelium
2534 1239 2650 1276 om-

1442 1292 1581 1350 nino
1597 1294 2137 1370 praetermittantur:
2167 1304 2218 1352 et
2236 1296 2335 1371 lzoc
2351 1317 2460 1373 per
2478 1304 2653 1355 totum

1440 1369 1791 1442 Adventum,
1833 1379 1889 1429 et
1934 1392 1973 1427 a
2026 1372 2291 1444 Domine,
2336 1394 2408 1432 ne
2454 1374 2515 1431 in
2567 1373 2653 1432 ira

1441 1467 1612 1523 usque
1653 1448 1786 1526 asli·
1843 1448 2441 1529 Qwinquayesimam,†
2488 1459 2539 1508 et
2581 1454 2652 1510 ab

1440 1532 1636 1582 octava
1654 1526 1894 1583 Pasehae
1913 1546 2081 1601 usque
2095 1528 2180 1583 ad
2189 1529 2450 1603 primam
2468 1528 2651 1586 domi·

1438 1602 1634 1660 nicam
1673 1611 1801 1660 ante
1830 1602 2225 1661 Ascensionem
2251 1603 2520 1678 Domini,
2560 1608 2651 1664 ob-

1439 1688 1699 1737 servetur.
1760 1680 1818 1737 A
1833 1678 1990 1739 Deus
2007 1683 2258 1739 onmium
2270 1689 2291 1713 ‘³
2307 1690 2463 1739 vero⁰
2482 1705 2652 1761 usque

1443 1757 1522 1814 ad
1561 1757 1890 1815 Adventum
1929 1756 2195 1830 Domini,
2232 1760 2286 1816 si
2324 1769 2528 1836 quarta
2568 1763 2653 1820 vel

1444 1835 1647 1911 quinta
1669 1834 1832 1912 jeria
1879 1857 1990 1894 non
2027 1838 2366 1909 vacaverint,
2416 1846 2547 1897 tunc
2585 1840 2652 1898 in

1443 1921 1595 1970 seaeta
1614 1912 1777 1989 feria
1804 1914 2059 1990 leqantur
2082 1915 2347 1992 Epistola
2373 1923 2423 1973 et
2451 1916 2653 1974 Evan-

1441 1991 1653 2065 9elium
1668 1991 1735 2049 de
1752 1999 1956 2068 quarta
1961 1991 2137 2069 feria,
2156 1994 2210 2050 si
2225 1994 2536 2053 vacaverit:
2560 1996 2654 2053 sin

1443 2077 1645 2141 autem,
1666 2070 1892 2127 omnino
1897 2071 2423 2147 praetermittantur.
2489 2072 2654 2130 Nun-

1442 2166 1615 2221 quam
1634 2148 1786 2204 enim
1808 2148 2063 2224 legyantur
2076 2147 2345 2225 Epistola
2371 2158 2422 2208 et
2451 2149 2650 2209 Evan-

1440 2224 1651 2299 yelium
1672 2226 1738 2283 cle
1757 2234 1962 2301 (μανία
1972 2225 2134 2302 feria
2154 2228 2219 2284 in
2238 2229 2478 2285 secunda
2488 2229 2650 2305 feria

1440 2303 1526 2359 vel
1566 2302 1634 2359 iri
1672 2304 1840 2360 tertia
1867 2302 2045 2380 feria,
2088 2326 2259 2381 ‘neque
2296 2306 2560 2383 Epistola
2600 2315 2651 2365 et

1442 2378 1826 2457 Eva‘nyelium
1862 2382 1929 2439 de
1967 2390 2119 2439 sexta
2141 2381 2304 2458 feria
2344 2386 2410 2441 in
2448 2386 2651 2460 Quinta

1423 2456 1603 2532 feria.
1722 2459 1862 2517 .Nori
1926 2460 2079 2517 enim
2144 2460 2294 2518 debet
2357 2463 2650 2521 servitium

1439 2535 1758 2614 anticipari
1781 2537 2084 2596 secundum
2108 2558 2273 2597 usum
2298 2538 2532 2604 Sarum.

825 2739 1210 2816 Dominica
1241 2752 1548 2823 secunda
1581 2751 1957 2824 Adventus.

194 2872 309 2930 Ad
331 2871 597 2932 Missam.
683 2873 960 2950 Officium.

195 2950 449 3028 Populus
488 2950 642 3023 Sion,
671 2972 796 3012 ecce
826 2955 1106 3015 Dominus
1136 2958 1328 3018 veniet

115 3029 188 3085 ad
208 3028 507 3086 salvandas
532 3038 759 3107 gentes:
802 3039 862 3090 et
887 3035 1138 3092 auditam
1163 3033 1331 3095 faciet

116 3106 399 3164 Dominus
437 3106 675 3184 gloriam
701 3110 848 3169 vocis
880 3131 995 3169 suae
1029 3112 1091 3169 in
1131 3113 1332 3174 laetitia

116 3183 305 3242 cordis
331 3182 553 3244 vestri!

197 3260 490 3320 Psalmus'.

188 3338 298 3402 Qui
321 3341 465 3411 regis
487 3340 669 3409 Israel,
696 3341 920 3398 intende
950 3364 963 3397 :
993 3344 1088 3414 qui
1113 3344 1333 3401 deducis

118 3408 273 3462 velut
295 3426 451 3464 ovem
475 3411 727 3483 Joseph.s

196 3481 509 3558 Repetatur
539 3481 800 3558 Officium
823 3484 1049 3558 scilicet,
1080 3486 1330 3565 Populus

119 3556 281 3617 Sion.
356 3566 545 3622 Gloria
576 3568 743 3622 Patri.
826 3562 1092 3641 Populus.

201 3636 435 3695 Oratio.

194 3715 426 3788 Excita,
475 3715 743 3788 Domine,
791 3718 961 3776 corda
1015 3728 1208 3778 nostra
1260 3722 1333 3779 ad

112 3794 520 3871 praeparandas
540 3793 842 3872 Unigeniti
861 3798 946 3854 tui
965 3797 1108 3857 vias:
1138 3807 1203 3857 ut
1228 3820 1333 3878 per

110 3871 238 3947 ejus
257 3872 568 3931 adventum
588 3873 899 3951 purificatis
925 3876 1030 3933 tibi
1050 3880 1334 3936 mentibus

110 3948 329 4008 servire
375 3969 715 4012 mereamur.
809 3952 922 4021 Qui
966 3962 1153 4013 tecum
1194 3956 1333 4015 vivit

112 4096 142 4126 ⁸
175 4089 560 4145 lucem.-Vul
601 4134 612 4144 .
640 4090 722 4146 98.
756 4093 834 4147 13.
867 4094 949 4148 15.
977 4095 1253 4151 luce—26.

114 4159 381 4231 b-Vulg,
412 4159 496 4213 13.
529 4161 558 4212 1
601 4203 612 4215 .
641 4162 725 4217 57.
753 4181 856 4218 om.
886 4164 969 4218 98.
1003 4166 1087 4219 26.

114 4240 139 4267 0
172 4246 291 4311 cap.
318 4231 397 4283 iii.
425 4231 497 4284 A.
523 4232 597 4302 (v.
629 4231 774 4304 1—6.)

114 4300 143 4337 ‘¹
177 4300 489 4355 emm—98.

114 4409 149 4476 †
190 4411 900 4481 ommqesimam-Grad.

1439 2893 1500 2943 et
1545 2894 1748 2964 regnat
1792 2886 1852 2943 in
1892 2887 2111 2945 unitate
2153 2885 2397 2965 Spiritus
2438 2887 2650 2961 Sancti,

1439 2962 1595 3023 Deus
1621 2984 1723 3043 per
1750 2965 1938 3022 omnia
1962 2963 2161 3022 saecula
2186 2964 2531 3022 saeculorum.

1519 3041 1713 3099 Lectio
1741 3040 2016 3117 Epistolae
2052 3042 2199 3101 beati
2234 3042 2422 3100 Pauli
2458 3044 2517 3099 A
2516 3065 2650 3122 pos-

1443 3119 1547 3177 toli
1571 3120 1649 3177 acl
1674 3119 2007 3178 Romanoah

1456 3211 1457 3214 ’
1503 3198 1751 3269 Fratre8‚
1778 3198 2160 3276 Quaecumque
2181 3199 2389 3277 scripta
2407 3207 2558 3273 sunt,
2577 3201 2650 3258 ad

1443 3284 1697 3335 nostram
1735 3276 2048 3334 doctrinam
2103 3278 2315 3357 scripta
2359 3286 2525 3338 sunt:
2581 3288 2646 3338 ut

1442 3374 1548 3432 per
1564 3354 1899 3432 patientiam
1918 3362 1978 3413 et
1997 3356 2433 3415 consolationem
2456 3354 2645 3435 Scrip-

1442 3439 1721 3502 turarum,
1763 3452 1920 3510 spem
1961 3432 2282 3492 habeamus.
2366 3434 2522 3493 Deus
2549 3456 2647 3493 au-

1442 3518 1562 3568 tem
1590 3510 1884 3588 patientiae
1902 3518 1961 3569 et
1986 3510 2169 3570 solatii
2198 3513 2298 3572 det
2317 3512 2473 3570 vobis
2502 3513 2647 3591 idip-

1443 3607 1566 3644 sum
1614 3607 1811 3665 sapere
1851 3588 1911 3645 in
1951 3587 2291 3648 alterutrum
2342 3591 2646 3648 secundum

1444 3663 1488 3741 «Ι
1489 3685 1648 3723 esum
1695 3665 2020 3726 Christum:
2073 3677 2139 3726 ut
2184 3669 2495 3739 unanimeS‚
2536 3689 2649 3726 uno

1446 3762 1544 3801 ore
1604 3743 1991 3803 honorificetis
2049 3745 2234 3803 Deum
2301 3754 2361 3804 et
2413 3745 2645 3804 Patrem

1446 3820 1684 3879 Domini
1711 3821 1891 3880 nostri
1923 3822 1966 3880 J
1968 3842 2066 3880 esu
2081 3823 2319 3881 Christi.
2402 3821 2647 3901 Propter

1445 3899 1598 3975 quod
1624 3899 1885 3977 suscipite
1914 3900 2172 3971 invicem,
2201 3902 2345 3959 sicut
2371 3908 2431 3960 et
2457 3901 2647 3961 Chris-

1444 4107 1468 4135 e
1505 4116 1608 4151 om.
1640 4098 1723 4153 13.

1442 4168 1464 4205 f
1500 4169 1673 4223 Esaiae
1699 4185 1825 4222 xxx.
1852 4169 1916 4223 G.
1945 4170 2014 4240 (v.
2044 4170 2154 4242 30.)

1440 4248 1468 4284 8
1507 4239 1592 4292 Ps.
1620 4239 1787 4293 lxxix.
1817 4239 1985 4310 (lxxx.
2016 4240 2089 4312 1.)

1440 4308 1468 4345 ¹¹
1508 4327 1619 4380 cap.
1647 4327 1732 4364 xv.
1763 4309 1832 4363 A.
1862 4311 1931 4381 (v.
1959 4310 2141 4382 4-13.)
