2975 5009
337 232 465 299 631

448 476 708 550 Preces
743 473 825 548 in
845 476 1344 571 prostratione.

431 572 518 631 Et
570 573 860 631 sciendum
912 581 1008 645 est,
1275 575 1344 632 in
1396 572 1555 632 omni

351 651 546 723 missa,
592 651 819 728 quando
861 650 930 709 de
958 650 1122 727 feria
1169 651 1404 725 dicitur,
1439 652 1558 728 fiat

344 730 655 807 prostratio
708 750 748 787 a
800 736 911 787 toto
961 730 1126 787 choro
1177 730 1373 788 statim
1429 735 1561 807 post

355 808 597 868 Sanctus
623 828 794 884 usqne
821 807 948 866 Pax
975 807 1229 879 Domini,
1251 829 1357 886 per
1383 815 1562 865 totum

357 905 593 977 annam,
640 886 762 944 nisi
813 904 853 943 a
898 884 1127 945 Pascha
1177 905 1349 963 usque
1402 885 1561 946 Deus

358 983 630 1021 omnium.

436 1040 774 1099 Notandum
811 1048 889 1098 est
1115 1060 1155 1099 a
1195 1040 1459 1112 Domine,
1488 1059 1563 1099 ne

359 1121 421 1177 in
465 1119 555 1177 ira
594 1140 766 1195 usque
805 1117 883 1176 ad
927 1117 1160 1178 Coenam
1201 1119 1466 1190 Domini,
1514 1125 1566 1176 et

358 1218 394 1255 a
444 1197 600 1255 Deus
646 1198 902 1255 omnium
947 1217 1119 1272 nsque
1164 1197 1243 1254 ad
1294 1193 1564 1273 viyiliam

360 1273 439 1333 N
431 1275 713 1333 ativitatis
782 1272 1052 1345 Domini,
1105 1275 1377 1333 difflantur
1442 1275 1566 1332 ’ἰδέω

351 1373 543 1431 preces
567 1360 842 1431 sequentes
870 1352 950 1410 ad
989 1353 1222 1410 missam
1253 1360 1475 1410 tantum
1500 1352 1569 1410 in

346 1431 523 1508 seriis
568 1439 618 1489 et
654 1429 821 1506 festis
867 1430 1046 1489 trium
1098 1430 1396 1489 lectionum
1446 1430 1570 1488 sine

360 1509 635 1584 reyimine
669 1508 845 1579 chori,
872 1516 924 1567 et
963 1509 1030 1566 in
1068 1509 1278 1566 octavis
1317 1517 1369 1567 et
1406 1507 1570 1585 infra

364 1587 591 1663 quando
638 1587 835 1643 chorus
875 1606 991 1645 non
1033 1587 1267 1663 reyitur.
1351 1585 1437 1643 Et
1476 1586 1568 1644 cli·

364 1673 570 1723 cuntur
597 1673 725 1741 post
753 1664 869 1724 Per
896 1665 1087 1724 omnia
1112 1663 1316 1723 saecula
1341 1661 1569 1723 saeculo-

364 1763 493 1800 rum
523 1750 575 1799 et
605 1742 781 1801 Pater
808 1752 1020 1815 noster,
1049 1744 1198 1801 inter
1224 1742 1338 1802 Per
1377 1742 1573 1800 omnia

364 1819 571 1879 saecula
620 1819 955 1879 saeculorum
1008 1829 1059 1879 et
1119 1821 1247 1879 Pax
1300 1820 1570 1892 Domini3

364 1898 640 1957 sacerdote
659 1898 741 1957 sic
767 1898 998 1970 dicente,
1023 1900 1136 1959 Per
1155 1898 1348 1958 onmia
1366 1897 1573 1958 saecula

363 1975 717 2037 saeculorum.
824 1977 908 2035 Et
971 1978 1135 2036 choro
1194 1978 1568 2054 respondente,

365 2056 574 2113 Amen.
643 2054 856 2115 Statim
875 2055 1123 2133 incipiat
1148 2055 1345 2114 chorus
1366 2054 1571 2113 Preces

366 2132 433 2190 in
448 2134 848 2210 prostratione,
877 2134 976 2191 hoc
1001 2134 1184 2192 modo.

444 2210 762 2268 Psalmas.⁸

444 2286 618 2358 DeuS‚
657 2295 940 2345 venerunt
979 2293 1181 2363 gentes
1218 2286 1281 2344 in
1324 2285 1571 2346 haeredi-

366 2372 546 2424 tatem
609 2373 767 2422 tuam
811 2384 826 2423 z
897 2364 1220 2443 polluerunt
1286 2365 1567 2444 templum

367 2457 623 2501 sanctum
651 2450 834 2514 tuum,
862 2453 1173 2520 posuerunt
1198 2443 1568 2504 Hierusalem

365 2522 428 2579 in
495 2539 751 2579 omorum
781 2520 1113 2580 custodiam.

498 2607 775 2658 osuerunt
815 2599 1117 2657 morticina
1154 2619 1447 2659 servorum
1473 2607 1567 2658 tu-

363 2696 526 2736 orum
580 2696 730 2735 escas
774 2677 1093 2736 volatilibus
1134 2678 1301 2738 coeli:
1363 2696 1566 2737 carnes

364 2764 686 2814 sanctorum
716 2765 944 2815 tuorum
975 2757 1170 2816 bestiis
1195 2766 1386 2816 terrae.

444 2834 795 2894 Effuderunt
833 2836 1164 2914 sanguinem
1198 2855 1395 2895 eorum
1435 2841 1567 2892 tan-

363 2931 532 2989 quam
560 2934 763 2992 aquam
806 2914 864 2970 in
895 2913 1131 2971 circuitu
1162 2912 1524 2974 Hierusalem
1548 2934 1563 2972 z

363 2998 425 3049 et
451 3010 565 3049 non
594 2999 720 3051 erat
745 2992 843 3069 qui
870 2990 1155 3070 sepeliret.

445 3069 606 3129 Facti
671 3089 864 3128 sumus
934 3071 1302 3149 opprobrium
1368 3069 1569 3127 vicinis

362 3148 608 3237 nostris:
650 3148 1011 3207 subsannatio
1037 3157 1097 3208 et
1133 3148 1322 3209 illusio
1352 3147 1442 3207 his
1467 3148 1566 3227 qui

364 3244 424 3281 m
452 3226 689 3286 circuitu
717 3236 913 3286 nostro
943 3235 1094 3286 sunt.

442 3301 643 3384 Usque
689 3324 819 3382 quc,
873 3303 1143 3376 Domine,
1187 3305 1448 3364 irasceris
1501 3304 1564 3362 in

360 3379 575 3504 finenq:
630 3384 971 3443 accendetur
1014 3383 1170 3443 velut
1214 3384 1362 3461 ignis
1409 3382 1566 3443 zelus

364 3467 497 3518 tuus
525 3506 539 3519 .

442 3537 693 3597 Effunde
721 3538 865 3595 iram
893 3546 1052 3596 tuam
1092 3537 1152 3593 in
1191 3545 1392 3615 gentes
1434 3560 1566 3618 quae

363 3622 424 3674 te
467 3636 582 3673 non
630 3623 951 3674 noverunt:
1011 3622 1071 3674 et
1112 3613 1174 3671 in
1216 3634 1394 3693 regna
1433 3638 1563 3697 quse

363 3713 572 3753 nomen
597 3702 758 3752 tuum
788 3711 901 3750 non
930 3691 1349 3752 invocaverunt.

446 3771 599 3840 Quia
624 3770 993 3829 comederunt
1029 3770 1247 3832 Jacob:
1289 3780 1349 3832 et
1379 3772 1563 3833 locum

362 3848 483 3928 ejus
519 3847 936 3907 desolaverunt.

440 3926 506 3984 N
509 3947 540 3985 e
568 3925 896 3984 memineris
934 3925 1301 4004 iniquitatum
1343 3938 1564 3990 nostra-

363 4025 489 4063 rum
525 4003 924 4081 antiquarum:
966 4005 1080 4064 cito
1107 4006 1423 4087 anticipent
1461 4028 1566 4067 nos

364 4082 766 4174 misericordi-m
792 4091 929 4157 tuse,
955 4084 1089 4164 quia
1125 4105 1400 4167 pauperes
1426 4087 1563 4146 facti

363 4179 557 4219 sumus
583 4180 774 4221 mmls.

360 4272 389 4301 ⁸
425 4263 512 4318 Ps.
540 4262 749 4319 lxxviii.
778 4264 995 4338 (lxxix.)

358 4335 387 4374 b
435 4334 834 4404 generationem
893 4344 949 4392 et
1008 4337 1563 4419 generationem—V.

360 4404 529 4458 Paris.
577 4405 730 4460 1785.
803 4413 1145 4478 generatlone
1194 4414 1251 4462 et
1370 4411 1565 4465 nerati·

362 4475 604 4530 one—S.
634 4476 856 4533 Hieron.
895 4477 1160 4548 vallarsii,
1188 4478 1236 4532 9.
1269 4479 1294 4530 1
1338 4479 1421 4534 33.

1129 248 1404 298 Panem
1436 247 1516 297 m
1548 246 2118 302 PRostA‘monn.

2734 239 2860 307 632

1732 408 1962 488 Adjuva
1997 427 2120 482 nos,
2152 408 2331 483 Deus,
2356 407 2622 469 salutaris
2649 405 2861 486 noster,

1654 493 1716 546 et
1754 507 1861 566 pro
1903 496 1994 547 ter
2033 486 2274 566 gloriam
2315 489 2562 547 nominis
2601 489 2708 564 tui,
2744 491 2862 551 Do·

1656 566 1831 638 mine,
1903 566 2059 625 ‘bera
2100 583 2238 627 nos:
2301 574 2363 626 et
2413 567 2696 647 propitius
2735 579 2860 629 esto

1659 643 1902 724 peccatis
1921 643 2148 714 nostris,
2168 652 2406 723 propter
2433 665 2648 704 nomen
2671 655 2862 705 tuum.

1737 719 1834 780 Ne
1872 722 2023 782 forte
2068 722 2263 781 dicant
2306 722 2368 780 in
2413 723 2700 803 gentibus,
2739 725 2864 785 Ubi

1660 807 1750 861 est
1804 802 1959 859 Deus
2010 819 2205 860 eorum
2234 804 2260 860 ἓ
2318 810 2380 861 et
2430 804 2749 864 innotescat
2805 805 2865 862 in

1663 878 1986 938 nationibus
2011 897 2200 938 coram
2229 878 2401 956 'oculis
2429 881 2660 939 nostris.

1743 955 1913 1016 Ultio
1950 955 2243 1036 sanguinis
2280 975 2574 1016 servorum
2614 968 2868 1033 tuorum,

1662 1036 1761 1112 qui
1788 1033 2000 1094 effusus
2026 1046 2145 1096 estz
2186 1035 2436 1095 introeat
2460 1037 2522 1094 in
2538 1053 2547 1060 ·
2565 1050 2868 1118 conspectu

1664 1121 1766 1172 tuo
1789 1114 2038 1191 gemitus
2064 1115 2532 1192 compeditorum.

1745 1191 2068 1251 Secundum
2131 1192 2590 1271 magnitudinem
2657 1193 2870 1254 brachii

1664 1268 1788 1328 tui:
1829 1271 2052 1348 posside
2081 1269 2227 1329 filios
2251 1271 2750 1332 mortificatorum.

1745 1345 1826 1407 Et
1867 1349 2041 1407 redde
2067 1348 2263 1408 vicinis
2302 1349 2512 1408 nostris
2547 1349 2868 1431 septuplum

1667 1424 1729 1483 in
1755 1427 1883 1485 sinu
1910 1445 2140 1486 eorumt
2182 1427 2594 1506 improperium
2622 1430 2868 1507 ipsorum

1668 1506 1820 1582 quod
1847 1506 2343 1583 exprobraverunt
2367 1505 2497 1577 tibi,
2527 1508 2798 1568 Domine.

1748 1580 1877 1641 Nos
1921 1591 2113 1642 autem
2161 1583 2399 1719 populus
2443 1593 2579 1643 tuus
2632 1594 2693 1645 et
2749 1605 2874 1646 oves

1669 1680 1892 1796 pascuas
1919 1670 2073 1722 tuae:
2114 1680 2218 1721 con
2266 1662 2521 1722 tebimur
2546 1664 2658 1723 tibi
2682 1662 2746 1722 in
2773 1684 2873 1724 sse-

1670 1760 1739 1799 cu
1762 1759 1880 1798 um.

1753 1817 1830 1876 In
1858 1817 1883 1849 ¹³
1900 1817 2269 1895 generatione
2304 1826 2365 1878 et
2394 1820 2828 1896 generationem
2845 1827 2872 1866 ὓ

1670 1895 2139 1955 annunciabimus
2165 1895 2391 1956 laudem
2418 1907 2605 1957 tuam.

1753 1974 1957 2034 Gloria
1984 1973 2165 2032 Patri.

1750 2052 2068 2110 Psalrnus.⁶

1751 2132 1907 2190 Deus
1925 2128 2263 2189 misereatur
2279 2132 2479 2205 nostri,
2496 2142 2558 2193 et
2581 2134 2874 2194 benedicat

1670 2210 1872 2270 nobis:
1914 2207 2200 2268 illuminet
2234 2207 2456 2268 vultum
2497 2231 2665 2270 suum
2706 2233 2873 2292 super

1670 2307 1794 2358 nos,
1822 2296 1884 2347 et
1908 2287 2246 2347 misereatur
2277 2289 2480 2348 nostri.

1687 2399 1695 2408 ·
1748 2365 1837 2425 Ut
1851 2384 2248 2443 cognoscamus
2268 2367 2328 2423 in
2345 2375 2505 2427 terra
2518 2368 2671 2426 viam
2689 2378 2869 2430 tuam:

1668 2444 1731 2503 in
1757 2444 2017 2504 omnibus
2048 2443 2314 2523 gentibus
2339 2445 2587 2506 salutare
2612 2457 2794 2506 tuum.

1751 2523 2152 2582 confiteantur
2216 2523 2324 2581 tibi
2390 2524 2606 2616 populi,
2661 2527 2820 2587 Deus
2856 2549 2870 2586 ε

1668 2601 2052 2662 confiteantur
2076 2600 2182 2660 tibi
2209 2602 2408 2735 populi
2433 2623 2651 2663 omnes.

1747 2679 2052 2738 Laetentur
2075 2688 2137 2739 et
2162 2697 2302 2738 exsu
2323 2687 2452 2739 tent
2480 2694 2704 2761 gentes,
2735 2702 2870 2760 quo—

1669 2757 1824 2815 niam
1858 2757 2077 2835 judicas
2114 2757 2350 2837 populos
2373 2758 2436 2816 in
2464 2762 2773 2840 aequitate:
2814 2773 2874 2822 et

1665 2844 1868 2915 gentes
1894 2836 1956 2893 in
1983 2844 2139 2896 terra
2163 2835 2380 2928 dirigis.

1745 2913 1906 2974 Confi
1914 2922 2145 2974 teantur
2209 2914 2315 2973 tib1
2457 2915 2599 2995 puli,
2668 2918 2828 2978 Deus
2855 2941 2869 2978 ε

1667 2992 2052 3051 confiteantur
2089 2991 2197 3051 tibi
2235 2934 2456 3073 populi0
2469 3014 2689 3071 omnes,
2714 3006 2872 3057 terra

1665 3071 1828 3131 dedit
1852 3071 2100 3128 fructum
2128 3078 2308 3129 tuum.

1749 3147 2059 3208 Benedicat
2096 3165 2199 3207 nos
2239 3149 2414 3223 Deus,
2457 3150 2616 3211 Deus
2659 3163 2870 3227 noster,
2974 3223 2975 3226 Ἴ

1667 3227 1968 3286 benedicat
1992 3246 2096 3286 nos
2121 3225 2316 3288 Deus:
2358 3237 2419 3288 et
2452 3239 2714 3292 metuant
2740 3254 2870 3294 eum

1667 3323 1864 3364 omnes
1889 3304 2036 3364 fines
2061 3313 2253 3365 terrae.

1744 3382 1942 3442 Gloria
1967 3382 2127 3443 Patri
2153 3393 2215 3443 et
2238 3381 2405 3444 Filio.

1744 3459 2064 3522 Psalmus.‘¹

1695 3563 1701 3570 ·
1747 3531 2014 3612 Domine,
2060 3540 2121 3597 in
2170 3538 2382 3600 virtute
2427 3549 2532 3601 tua
2580 3543 2870 3605 laetabitur
2972 3615 2973 3620 ἵ

1667 3639 1803 3680 rex:
1844 3628 1903 3677 et
1920 3638 2090 3697 super
2109 3616 2355 3679 salutare
2373 3628 2540 3680 tuum
2561 3624 2871 3685 exsultabit
2972 3623 2973 3632 ’

1666 3698 2057 3758 vehementer.
2085 3717 2088 3722 ·

1746 3776 2108 3835 Desiderium
2140 3774 2327 3835 cordis
2354 3775 2476 3853 ejus
2502 3779 2759 3840 tribuisti
2784 3783 2871 3844 ei:

1666 3863 1728 3915 et
1751 3854 2041 3913 voluntate
2079 3852 2357 3912 labiorum
2396 3854 2522 3933 ejus
2562 3878 2678 3917 non
2721 3860 2873 3922 frau-

1665 3933 1813 3992 dasti
1849 3952 2001 3992 eum.

1722 4010 2009 4080 Quoniam
2067 4009 2360 4070 raevenisti
2377 4032 2508 4072 eum
2527 4014 2588 4072 in
2605 4015 2877 4079 benedic·
2970 3995 2971 4018 Χ

1666 4090 1915 4149 tionibus
1942 4088 2018 4146 du
2041 4087 2290 4147 cedinis:
2437 4092 2572 4151 nisti
2596 4094 2654 4151 in
2690 4099 2881 4177 capite

1667 4169 1789 4248 ejus
1815 4185 2079 4226 coronam
2106 4167 2180 4226 de
2205 4165 2322 4248 lapi
2361 4190 2393 4230 e
2420 4170 2690 4250 pretioso.

1668 4282 1693 4311 ο
1730 4271 1817 4326 Pa.
1845 4271 1973 4326 lxvi.
1998 4268 2200 4342 (lxvii.)

1667 4343 1695 4382 α
1734 4342 1820 4397 Pe.
1848 4359 1936 4397 xx.
1965 4340 2125 4415 (xxi.)
