2975 5009
339 215 472 281 339

345 385 562 463 reliquo
597 405 636 443 a
667 386 935 458 sinistris,
973 386 1052 444 ad
1097 407 1224 445 eum
1263 387 1557 458 conversis,

346 466 514 522 cereis
541 464 813 522 extinctis.
890 465 1278 525 subdiaconus
1304 485 1430 523 vero
1455 473 1558 522 stet

348 542 404 599 ci
441 542 740 619 oppositus,
775 543 949 619 juxta
987 564 1148 620 quem
1185 550 1285 600 stet
1310 542 1560 623 portitor

348 619 521 678 has-toa
573 620 758 678 eodem
800 621 965 678 modo
1009 641 1311 679 conversus.
1419 620 1560 678 Post

351 697 662 755 diaczmum
711 705 812 756 stet
861 698 1291 771 thuribilarius,
1320 697 1563 756 diacono

353 782 596 834 canente.

411 851 679 912 Exsultet
687 853 808 930 jam
825 853 1075 932 angelica
1087 855 1256 913 turba
1270 852 1559 922 coelorum,

353 929 642 990 exsultent
667 931 859 989 divina
889 932 1178 1008 mysteria,
1195 940 1254 991 et
1322 951 1386 990 ro
1412 933 1562 990 tanti

357 1008 535 1111 Regis
562 1009 797 1067 victoria
819 1012 958 1068 tuba
981 1010 1202 1069 intonet
1227 952 1504 1068 salutaris.

435 1086 695 1145 (xaudeat
745 1106 805 1146 se
855 1086 1024 1146 tellus
1074 1086 1250 1146 tantis
1291 1088 1565 1146 irradiata

356 1162 686 1241 fulgoribuS,
715 1172 776 1224 et
818 1166 1024 1224 aeterni
1057 1164 1232 1244 Regis
1259 1165 1561 1244 splendore

360 1241 642 1299 illustrata
654 1243 826 1302 totius
843 1244 993 1302 orbis
1009 1263 1069 1303 se
1086 1243 1296 1303 sentiat
1310 1244 1562 1303 amisisse

359 1319 678 1397 caliginem.

439 1396 701 1456 Laetetur
755 1405 816 1461 et
869 1407 1055 1458 mater
1112 1398 1362 1458 Ecclesia
1412 1398 1563 1458 tanti

360 1473 591 1534 luminis
615 1477 888 1535 adornata
901 1476 977 1535 ful
1019 1476 1227 1549 oribuS,
1257 1485 1317 1537 et
1342 1478 1568 1556 magnis

362 1552 697 1632 populorum
724 1555 951 1613 vocibus
976 1498 1099 1613 ἕωο
1123 1556 1252 1614 aula
1275 1555 1528 1615 resultet.

446 1630 810 1724 Quapropter
834 1634 1148 1692 astantibus
1166 1635 1341 1706 vobis,
1360 1634 1568 1692 fratres

363 1706 699 1781 charissimi,
726 1710 799 1768 ad
824 1720 943 1768 tam
971 1711 1177 1770 miram
1203 1712 1378 1771 sancti
1400 1711 1568 1789 hujus

364 1785 594 1846 luminis
613 1788 946 1861 claritatem,
968 1809 1082 1846 una
1098 1810 1335 1857 mecum,
1357 1808 1567 1868 quaeso,

366 1863 479 1923 Dei
507 1867 910 1946 omnipotentis
944 1866 1381 1926 misericordiam
1409 1868 1574 1926 iuvo-

365 1950 527 2013 cate;

447 2019 538 2079 Ut
572 2021 668 2098 qui
706 2042 801 2082 me
840 2042 956 2081 non
991 2023 1135 2081 meis
1173 2023 1392 2082 meritis
1418 2022 1575 2081 intra

367 2096 698 2157 Levitarum
739 2120 1039 2159 numerum
1091 2120 1397 2178 aggregare
1449 2101 1574 2179 dig-

368 2183 537 2235 natus
552 2188 657 2247 est,
674 2177 905 2235 luminis
919 2177 1004 2236 sui
1020 2179 1205 2254 gratia
1218 2178 1575 2251 infundente,

370 2256 517 2313 cerei
547 2255 714 2333 hujus
740 2255 965 2314 laudem
993 2255 1230 2334 implere
1256 2255 1533 2334 perficiat.

485 2332 600 2391 Per
665 2334 976 2391 Dominum
1043 2343 1302 2392 nostrum
1373 2334 1415 2392 J
1417 2354 1572 2392 esum

371 2412 664 2475 Christum
704 2410 914 2469 Filium
941 2424 970 2454 ⁸
987 2431 1150 2469 suum
1177 2412 1273 2489 qui
1307 2432 1434 2469 cum
1462 2433 1530 2470 eo
1550 2424 1579 2454 ⁸

373 2492 514 2551 vivit
539 2498 599 2548 et
624 2497 828 2567 regnat
868 2490 1027 2548 Deus
1051 2490 1113 2548 in
1140 2492 1358 2550 unitate
1397 2489 1577 2568 Spiri-

373 2579 468 2630 tus
495 2566 706 2639 Sancti,

454 2646 571 2705 Per
597 2644 790 2704 omnia
813 2643 1020 2704 saecula
1042 2645 1394 2706 saeculorum.

457 2726 671 2784 Amen.

455 2803 734 2861 Dominus
762 2800 1062 2860 vobiscum.

455 2881 537 2941 Et
562 2901 690 2938 cum
716 2879 921 2958 spiritu
949 2887 1066 2938 tuo.

459 2960 697 3019 Sursum
725 2958 911 3015 corda.

458 3036 753 3095 Habemus
779 3035 851 3092 ad
878 3035 1210 3092 Dominum.

457 3114 682 3173 Gratias
701 3133 929 3191 agamus
957 3112 1205 3171 Domino
1224 3111 1350 3171 Deo
1367 3121 1580 3171 nostro.

458 3193 712 3270 Dignum
741 3200 799 3250 et
816 3190 1035 3267 justum
1064 3199 1168 3249 est.

461 3269 622 3329 Vere
658 3269 789 3346 qnia
832 3269 1069 3347 dignum
1117 3276 1178 3326 et
1210 3267 1428 3344 justum
1477 3274 1584 3339 est,

381 3347 720 3406 invisibilem
750 3347 937 3405 Deum
966 3345 1432 3423 omnipotentem,
1476 3344 1585 3404 Pa-

378 3435 550 3496 trem,
579 3424 897 3500 Filiumque
924 3425 1045 3501 ejus
1065 3423 1439 3499 unigenitum,
1468 3423 1589 3481 Do·

381 3506 600 3562 minum
621 3510 875 3560 nostrum
903 3502 946 3561 J
949 3521 1105 3560 esum
1125 3499 1434 3573 Christum,
1462 3521 1590 3559 cum

385 3582 592 3642 Sancto
628 3579 867 3661 Spiritu,
897 3588 1018 3637 toto
1057 3578 1237 3635 cordis
1276 3598 1340 3636 ac
1380 3579 1591 3638 mentis

383 3660 594 3718 affectu
622 3666 681 3717 et
707 3657 854 3714 vocis
882 3656 1200 3713 ministerio
1227 3675 1549 3733 personare.

468 3737 585 3805 Qui
622 3755 727 3815 pro
780 3736 941 3794 nobis
986 3741 1207 3792 aeterno
1247 3732 1406 3791 Patri
1443 3734 1591 3794 Ades

385 3816 641 3875 debitum
665 3812 848 3883 solvit,
877 3821 936 3871 et
962 3810 1169 3870 veteris
1188 3809 1391 3890 piaculi
1416 3813 1595 3872 cauti-

386 3913 555 3953 onem
583 3892 678 3969 pio
704 3909 903 3948 cruore
929 3888 1183 3948 detersit.

465 3970 612 4029 Haec
653 3975 784 4027 suut
825 3967 978 4026 enim
1008 3965 1151 4026 festa
1185 3965 1493 4040 Paschalia,
1531 3967 1594 4025 in

387 4049 590 4127 quibus
610 4065 774 4105 verus
795 4044 890 4104 ille
916 4047 1122 4124 Agnus
1142 4046 1434 4118 occiditur,
1451 4047 1599 4124 ejus-

389 4146 500 4204 que
527 4124 799 4201 sanguine
825 4133 1012 4201 postes
1039 4132 1455 4182 consecrantur.

469 4203 619 4262 Hsec
649 4222 766 4259 nox
789 4209 879 4261 est
903 4202 963 4259 in
991 4220 1102 4280 qua
1127 4204 1375 4280 primum
1413 4211 1604 4280 patres

389 4437 417 4466 ὃ
457 4433 613 4480 tuum
646 4425 739 4495 qui
766 4427 1116 4483 tecum—15.

1037 231 1481 281 Bmmmcwlo
1512 231 1726 281 omem
1760 231 2183 282 PASGHALIS.

2740 214 2855 280 340

1669 396 1893 447 nostros
1911 387 2059 448 filios
2080 386 2262 447 Israel
2282 386 2511 446 eductos
2529 384 2602 444 de
2622 384 2854 477 AEgypto

1668 465 1929 600 iRubrum
1974 466 2145 526 Mare
2183 466 2328 526 sicco
2366 463 2598 543 vestigio
2632 475 2852 523 tranare

1692 544 1869 603 ecisti.

1752 621 1901 680 Hsec
1924 621 2101 700 igitur
2121 641 2237 680 nox
2265 629 2351 680 est
2370 640 2497 698 quse
2518 625 2850 698 peccatorum

1670 701 1936 760 tenebras
1980 699 2256 760 columnae
2294 698 2700 757 illuminatione
2736 716 2851 774 pur-

1749 779 1850 835 vit.

1674 796 1903 914 gaHaec
1944 874 2058 913 nox
2102 863 2190 913 est
2228 873 2355 932 quae
2390 852 2562 912 hodie
2607 872 2710 932 per
2744 851 2853 908 uni·

1674 952 1900 992 versum
1928 934 2206 991 mundum
2228 933 2287 990 in
2307 931 2537 992 Christo
2558 930 2850 999 credentem

1675 1030 1711 1070 a
1749 1011 1902 1070 vitiis
1945 1011 2134 1070 saeculi
2182 1019 2501 1089 segoegatos
2538 1017 2601 1068 et
2644 1007 2856 1086 caligine

1676 1098 2052 1166 peccatorum,
2080 1090 2270 1148 reddit
2294 1090 2516 1167 gratiae,
2537 1087 2710 1146 sociat
2724 1105 2857 1144 sanc·

1675 1167 1849 1225 titati.

1756 1246 1906 1303 Haec
1931 1264 2049 1302 nox
2075 1254 2160 1303 est
2188 1244 2247 1301 in
2273 1262 2404 1320 qua,
2430 1241 2732 1302 destructis
2754 1240 2859 1298 vin·

1678 1322 1817 1381 culis
1848 1323 2069 1394 mortis,
2103 1322 2365 1383 Christus
2389 1324 2460 1380 ab
2488 1320 2685 1380 inferis
2708 1320 2861 1378 victor

1678 1401 1947 1461 ascendit.

1759 1477 1931 1538 Nihil
1956 1479 2109 1538 enim
2137 1477 2295 1537 nobis
2335 1477 2485 1535 nasci
2526 1473 2739 1555 profuit
2772 1470 2863 1531 nisi

1681 1556 1886 1617 redimi
1903 1555 2219 1647 profuisset.

1765 1636 1819 1693 0
1847 1654 1993 1693 mira
2027 1634 2177 1693 circa
2209 1652 2311 1692 nos
2347 1640 2464 1692 tuse
2496 1631 2726 1710 pietatis
2760 1628 2865 1707 dig·

1683 1713 1859 1771 natio.

1764 1790 1817 1848 Ο
1855 1788 2264 1864 inaestimabilis
2301 1786 2531 1847 dilectio
2557 1784 2865 1847 charitatis:

1684 1877 1751 1927 ut
1770 1887 1996 1927 servum
2015 1868 2323 1926 redimeres
2344 1867 2553 1926 Filium
2577 1863 2870 1924 tradidisti!

1770 1947 1823 2005 O
1843 1955 1996 2005 certe
2018 1945 2390 2004 necessarium
2420 1944 2579 2002 Adae
2605 1950 2868 2021 peccatum

1688 2031 1748 2083 et
1773 2031 2048 2095 nostrum,
2075 2024 2226 2102 quod
2264 2022 2482 2082 Christi
2518 2030 2708 2080 morte
2743 2016 2874 2077 dele·

1688 2110 1813 2161 tum
1840 2108 1926 2159 est
1950 2103 1962 2160 1

1773 2179 1826 2237 Ο
1854 2178 1992 2237 felix
2021 2177 2200 2256 culpa,
2228 2200 2247 2237 ε
2266 2199 2357 2238 uae
2376 2176 2554 2238 talem
2584 2197 2651 2235 ac
2674 2181 2870 2234 tantum

1691 2258 1903 2317 meruit
1930 2256 2138 2316 habere
2164 2277 2196 2314 r
2268 2265 2590 2335 emptorem
2617 2256 2634 2314 i

1772 2336 1825 2394 O
1851 2343 2005 2394 certe
2036 2337 2199 2394 beata
2223 2354 2357 2406 nox,
2385 2353 2514 2412 quse
2539 2332 2665 2391 sola
2692 2330 2878 2389 meruit
2941 2392 2942 2395 Ἴ

1693 2413 1836 2472 scire
1864 2422 2089 2491 tempus
2116 2421 2176 2472 et
2200 2411 2399 2470 horam
2425 2413 2486 2469 in
2506 2431 2627 2490 qua
2644 2408 2877 2471 Christus
2941 2410 2942 2479 Ῑ

1694 2494 1767 2550 ab
1795 2490 1991 2550 inferis
2018 2490 2363 2550 resurrexit!

1775 2570 1924 2628 Haec
1963 2589 2079 2626 nox
2120 2577 2207 2628 est
2231 2568 2305 2626 de
2331 2587 2444 2646 qua
2476 2566 2755 2645 scriptum
2778 2570 2877 2629 est;

1695 2648 1776 2707 Et
1802 2667 1919 2705 nox
1942 2656 2009 2706 ut
2026 2647 2147 2706 dies
2182 2645 2633 2717 illuminabitur3
2675 2652 2734 2704 et
2763 2639 2880 2701 Nox
2939 2714 2940 2723 ἵ

1695 2725 2034 2784 illuminatio
2062 2744 2189 2783 mea
2213 2724 2274 2780 in
2293 2723 2506 2782 deliciis
2536 2722 2699 2781 meis.

1776 2802 1968 2880 Hujus
1993 2802 2165 2881 igitur
2203 2800 2579 2860 sanctificatio
2619 2797 2789 2858 noctis
2809 2792 2880 2853 fu-

1696 2888 1798 2959 gat
1849 2880 2075 2952 scelera,
2130 2878 2321 2958 culpas
2376 2878 2549 2949 lavat,
2607 2886 2668 2937 et
2718 2873 2881 2934 reddit

1697 2957 2080 3017 innocentiam
2098 2957 2266 3035 lapsis
2294 2964 2353 3016 et
2372 2956 2593 3015 moestis
2613 2955 2879 3019 loetitiam3
2937 2978 2938 2981 ¹

1697 3036 1857 3115 fugat
1877 3036 2019 3126 odia,
2042 3035 2394 3094 concordiam
2416 3042 2606 3115 parat,
2630 3044 2690 3093 et
2714 3036 2883 3092 curvat
2937 3034 2938 3091 1

1697 3135 1776 3172 im
1818 3134 1952 3172 oria.

1780 3135 1857 3249 ln
1883 3191 2052 3270 hujus
2079 3190 2254 3269 igitur
2270 3191 2448 3250 noctis
2466 3190 2658 3268 gratia
2675 3186 2884 3265 suscipe,

1700 3278 1893 3328 sancte
1921 3270 2114 3340 Pater,

1781 3347 1902 3405 Hic
1918 3354 2172 3425 ponatwr
2197 3345 2486 3403 ‘incensum
2512 3366 2552 3402 a
2580 3345 2812 3403 diacono
2833 3339 2887 3397 ia
2934 3302 2936 3395 i

1703 3446 1919 3484 cereum
1946 3425 2030 3482 vel
2055 3426 2122 3482 in
2148 3423 2549 3481 candelabmm
2586 3424 2657 3481 in
2687 3421 2888 3479 modum

1704 3502 1934 3561 cruciab
1976 3501 2255 3561 Similiter
2269 3509 2320 3558 et
2334 3502 2401 3559 in
2409 3521 2671 3578 parvum
2685 3515 2891 3565 cer-etun,

1694 3580 1968 3658 portitore
1993 3580 2323 3638 accedam>

1706 3659 1919 3717 incensi
1947 3658 2112 3736 hujus
2138 3656 2476 3717 sacrificium
2504 3656 2887 3735 vespertinum,
2933 3632 2934 3699 i

1790 3736 1960 3804 Quod
2003 3735 2112 3794 tibi
2155 3736 2217 3793 in
2270 3734 2376 3793 hac
2427 3736 2577 3794 cerei
2634 3731 2890 3792 oblatione

1707 3812 1945 3874 solemni
2002 3833 2107 3892 per
2160 3812 2552 3870 ministrorum
2598 3829 2798 3870 manus
2832 3807 2890 3864 de

1710 3894 1973 4028 operibus
2013 3911 2184 3970 apum
2211 3898 2564 3949 sacrosancta
2589 3889 2781 3950 reddit
2802 3884 2893 3943 Ec·
2931 3958 2932 4005 1

1710 3992 1739 4030 c
1762 3990 1891 4029 esna.

1792 4046 1904 4107 Sed
1937 4047 2059 4125 jam
2104 4046 2381 4105 columnae
2422 4045 2593 4124 hujus
2638 4040 2894 4125 praeconia

1716 4127 1974 4184 novimus
1990 4145 2159 4203 quam
2178 4125 2238 4182 in
2256 4123 2535 4184 honorem
2553 4123 2670 4184 Dei
2686 4117 2897 4180 rutilans

1717 4204 1864 4282 ignis
1888 4204 2161 4263 accendit.

1724 4429 1754 4468 b
1791 4445 1902 4483 non
1926 4428 2133 4484 habent
2157 4425 2242 4480 92.
2271 4425 2357 4480 94.
2383 4425 2472 4481 97.
2498 4424 2583 4479 98.
