2975 5009
158 213 278 279 429

249 400 469 474 Feria
527 404 840 475 secunda
892 416 1058 500 poet
1123 407 1366 480 Peme-

163 512 394 573 costen.

227 598 332 655 Ad
360 597 634 657 Missam.
722 598 1039 677 Officium.²

216 676 442 735 Cibavit
469 697 564 736 eos
604 698 678 736 ex
709 680 875 757 adipe
902 680 1198 752 frumenti,
1227 679 1367 741 alle-

165 753 318 830 luya:
363 762 424 813 et
450 755 523 814 de
593 766 720 815 etra
745 757 914 817 melle
943 760 1221 818 saturavit
1249 780 1365 832 ece,

167 831 414 910 alleluya,
442 777 706 912 alleluya,
735 835 995 913 alleluya.

233 911 557 968 Psalmus.b

223 983 510 1043 Exsultate
548 989 660 1046 Deo
694 990 784 1063 adj
794 992 937 1046 uteri
973 997 1158 1048 nostro
1184 1012 1195 1046 :
1216 992 1365 1065 jubi-

166 1057 263 1112 late
287 1059 402 1113 Deo
424 1060 614 1116 Jacob.

236 1129 461 1189 Oratio·

231 1207 409 1281 Deus,
457 1209 555 1286 qui
608 1210 876 1290 apostolis
924 1212 1038 1271 tuis
1086 1212 1364 1272 Sanctum

168 1284 368 1344 dedisti
408 1288 727 1365 Spiritum:
769 1291 1009 1349 concede
1049 1290 1204 1369 plebi
1246 1299 1362 1352 tuae

166 1362 266 1440 piae
292 1365 589 1443 petitionis
617 1367 908 1440 effectum,
936 1377 1002 1427 ut
1033 1371 1236 1447 quibus
1262 1370 1365 1430 de-

168 1441 291 1500 disti
331 1442 531 1517 fidem,
559 1443 817 1524 largiaris
851 1455 911 1506 et
949 1467 1165 1525 pacem.
1250 1450 1365 1509 Per

168 1518 489 1579 Dominum.
575 1522 651 1581 In
678 1525 898 1584 unitate
931 1526 1205 1585 e'usdem.

233 1597 431 1658 Lectio
456 1599 710 1659 Actuum
738 1602 798 1659 A
795 1546 1189 1680 postoimumss

238 1675 313 1733 In
342 1678 540 1737 diebus
572 1679 701 1750 illis,
743 1682 1026 1759 Aperiens
1069 1683 1276 1742 Petrus
1303 1702 1364 1742 os

167 1773 338 1828 suum,
380 1756 572 1828 dixit3
631 1758 762 1817 Viri
802 1762 1009 1819 fratres
1049 1769 1110 1819 et
1149 1769 1361 1839 patres,

169 1832 317 1891 nobis
335 1836 613 1914 praecepit
628 1836 907 1895 Dominus
926 1836 1134 1918 populo
1153 1841 1364 1918 proedi-

168 1929 283 1969 mre
336 1921 397 1970 et
437 1914 757 1987 testificari,
798 1917 932 1995 quia
970 1918 1088 1995 ipse
1137 1926 1224 1977 est
1266 1919 1362 1995 qui

168 1988 496 2049 constitutus
519 2000 607 2050 est
633 2013 668 2050 a
688 1993 813 2053 Deo
823 1995 1006 2073 judex
1027 1996 1280 2054 vivorum
1304 2003 1364 2055 et

169 2075 531 2128 mortuorum.
611 2070 769 2131 Huic
815 2092 1009 2150 omnes
1055 2073 1363 2151 Prophetae

168 2145 550 2205 testimonium
596 2149 922 2228 perhibent,
969 2153 1361 2211 remissionem

168 2232 517 2299 peccatorum
553 2228 807 2307 accipere
848 2249 951 2307 per
992 2250 1198 2288 nomen
1241 2232 1362 2309 ejus

168 2320 350 2360 omnes
392 2305 493 2380 qui
533 2306 773 2366 credunt
813 2307 871 2364 in
901 2328 1050 2366 eum.
1148 2309 1363 2367 Adhuc

167 2376 422 2456 loquente
491 2380 666 2442 Petro
729 2388 901 2444 verba
962 2384 1115 2460 haec,
1160 2387 1365 2446 cecidit

169 2456 405 2533 Spiritus
469 2458 709 2520 Sanctus
780 2484 951 2542 super
1006 2485 1201 2524 omnes
1263 2466 1360 2543 qui

167 2536 465 2596 audiebant
496 2542 750 2600 verbum.
831 2542 912 2601 Et
951 2544 1363 2621 obstupuerunt

168 2632 234 2670 ex
270 2616 692 2677 circumcisione
730 2619 927 2679 fideles
962 2623 1058 2697 qui
1084 2631 1361 2681 venerant

167 2711 283 2750 cum
312 2695 522 2753 Petro:
562 2697 696 2773 quia
722 2706 781 2757 et
806 2698 865 2755 in
895 2700 1149 2759 nationes
1176 2702 1364 2779 gratia

169 2769 408 2847 Spiritus
431 2773 625 2832 Sancti
645 2774 823 2833 effusa
841 2785 946 2835 est.
1027 2779 1363 2837 Audiebant

167 2850 312 2906 enim
348 2849 475 2909 illos
510 2850 804 2929 loquentes
840 2853 1065 2933 linguis,
1103 2866 1161 2915 et
1202 2877 1361 2935 mag-

166 2926 458 2988 nificantes
523 2929 731 2988 Deum.
853 2934 1016 2991 Tunc
1068 2936 1362 3013 respondit

166 3003 403 3079 Petrus;
446 3006 742 3085 Numquid
771 3030 973 3088 aquam
1002 3013 1125 3089 quis
1164 3012 1361 3092 prohi-

165 3084 294 3142 bere
340 3091 551 3163 potest,
599 3096 666 3145 ut
710 3108 825 3146 non
873 3090 1237 3168 baptizentur
1279 3091 1360 3163 hi,

165 3163 255 3238 qui
275 3163 554 3241 Spiritum
571 3161 838 3225 Sanctum
859 3177 1199 3247 acceperunt
1218 3173 1363 3248 sicut

166 3250 223 3298 et
270 3244 415 3301 nos?
519 3243 600 3302 Et
641 3244 807 3322 jussit
846 3266 940 3305 eos
981 3247 1256 3325 baptizari
1301 3248 1362 3305 in

166 3319 392 3378 nomine
422 3321 656 3379 Domini
685 3325 865 3381 nostri
892 3324 934 3382 J
936 3345 1031 3382 esu
1059 3325 1295 3386 Christi.

233 3396 506 3468 Alleluya.
556 3399 616 3452 V.
690 3399 895 3455 Emitte
918 3401 1180 3472 Spiritum
1205 3409 1365 3457 tuum

163 3472 215 3520 et
231 3469 560 3521 creabuntur
581 3488 591 3521 :
613 3475 668 3524 et
684 3472 962 3526 renovabis
979 3473 1170 3527 faciem
1189 3479 1361 3529 terrae.

258 3537 531 3609 Alleluya.
606 3539 666 3594 V.
774 3541 1075 3596 Paraclitus
1134 3544 1367 3615 Spiritus

162 3605 402 3678 Sanctus,
438 3626 600 3679 quem
643 3610 825 3665 mittet
860 3612 1023 3667 Pater
1053 3614 1112 3666 in
1145 3616 1367 3669 nomine

161 3694 280 3731 meo
308 3698 318 3731 :
343 3679 435 3732 ille
460 3696 554 3734 vos
577 3680 786 3737 docebit
802 3699 1018 3738 omnem
1036 3684 1365 3741 veritatem.‘¹

241 3749 563 3827 Sequentia.

165 3847 218 3883 a.
268 3829 520 3888 Resonet
545 3838 761 3889 sacrata

147 3905 214 3976 h.
308 3907 426 3985 jam
456 3915 651 3966 turma
675 3909 909 3969 di-c.-va
934 3911 1274 3991 symphonia

165 3978 229 4041 εἰ
266 3984 511 4064 Repleta
535 3986 740 4064 gaudia

166 4251 194 4282 ι
228 4243 715 4316 Ps.lxxx.(1xxxi.
747 4246 858 4318 16.)

165 4314 194 4352 b
229 4315 306 4368 ib.
333 4315 403 4387 (v.
433 4316 480 4369 l.

165 4397 190 4423 ⁸
227 4403 343 4455 cap.
370 4403 420 4440 x,
495 4428 507 4442 .
537 4386 609 4457 (v.
638 4386 858 4459 42-48.)

165 4456 195 4495 ¹1
234 4456 325 4510 Ps.
367 4457 471 4512 ciii.
519 4456 643 4529 (oiv.
701 4457 811 4530 30.)
848 4458 1049 4516 Johan.
1106 4478 1219 4533 cap.
1265 4463 1371 4518 xiv.

736 232 956 282 FERIA
988 233 1313 285 SECUNDA
1344 234 1520 287 Posw
1554 239 2088 290 PEHmEcoswEN.

2557 231 2687 296 430

1482 395 1530 453 b.
1633 394 1908 474 promissa
1932 416 1964 455 e
1992 418 2038 457 c.
2067 396 2208 458 coelo
2233 402 2479 476 reddita,

1480 473 1537 532 d.
1583 473 1657 532 Iu
1685 495 1864 532 unum
1893 486 2235 555 congregata

1637 553 2020 631 apostolorum
2050 554 2303 632 phalanx

1481 631 1530 687 b.
1634 630 1907 708 praeclara
1932 644 2372 711 ex·c.-spectans
2400 658 2660 699 munera.

1480 708 1539 766 d.
1581 707 1844 785 Repente
1872 729 1984 766 vox
2010 711 2203 771 divina

1640 786 2001 863 Paraclytum
2032 790 2264 849 nunciat

1481 866 1530 922 b.
1631 864 1903 923 decorans
1940 876 2368 928 sanct-c.-orum
2396 872 2625 934 viscera.

1480 965 1525 1001 e.
1569 942 1793 1002 Fantur
1820 944 1976 1001 omni
2006 944 2200 1024 lingua

1637 1020 1911 1079 nonnulla
1945 1027 2220 1099 mysteria

1640 1099 1964 1177 Dei-c.·que
1993 1104 2293 1181 magnalia.

1479 1198 1524 1234 e.
1567 1176 1805 1236 Cantica
1830 1178 2022 1237 divina

1637 1275 1753 1313 non
1782 1265 1962 1315 cessat
1990 1260 2226 1320 reboare

1636 1334 1757 1413 ejus
1795 1353 2119 1414 quo-c.-que
2147 1349 2391 1399 caterva.

1461 1411 1517 1487 f.
1561 1410 1614 1470 Ο
1643 1413 1797 1471 Deus
1827 1414 2009 1471 omnis
2034 1417 2155 1473 arvi

1461 1489 1518 1565 f.
1635 1497 1695 1549 te
1722 1488 1919 1548 laudat
1945 1490 2029 1549 sol
2058 1501 2117 1551 et
2143 1493 2278 1554 luna

1477 1589 1531 1644 9.
1633 1577 1936 1646 concrepat
1963 1569 2085 1627 usia

1636 1653 1837 1704 cuncta
1864 1644 2057 1705 coelica

1637 1732 1697 1783 et
1728 1722 2010 1800 profunda
2034 1724 2290 1788 flumina.

1564 1801 1647 1860 'Pe
1684 1801 1886 1879 psallat
1912 1802 2079 1862 tellus
2105 1803 2257 1865 alma

1639 1880 1827 1938 sidera
1851 1872 2052 1939 cuncta
2075 1881 2228 1944 clara

1631 1956 1859 2035 jubilat,
1886 1958 2104 2032 adorat,

1633 2045 1789 2095 amat
1816 2037 2116 2116 redempta

1635 2116 1819 2174 omnis
1889 2135 2071 2193 uoque
2098 2118 2307 2178 anima.

1477 2193 1531 2250 h.
1577 2193 1824 2271 Stupens
1915 2195 2093 2267 udaea,
2142 2195 2281 2272 haec,
2329 2199 2531 2279 inquit,
2581 2224 2684 2262 ex·

1633 2273 1921 2345 sem-anda,
1965 2275 2156 2333 concio
2204 2278 2377 2337 ‘vino
2420 2280 2564 2339 ista·
2596 2290 2684 2340 est

1634 2350 1857 2427 repleta
1884 2353 2173 2430 mustique
2214 2356 2446 2436 crapula
2474 2359 2684 2418 baccho

1634 2426 1833 2505 plenos
1860 2430 2101 2510 deputat
2128 2434 2375 2511 repletos
2401 2439 2605 2515 gratia.

1476 2505 1531 2563 h.
1576 2505 1819 2565 Sumens
1835 2506 1959 2567 haec
1975 2508 2181 2569 Petrus
2196 2513 2391 2571 divina
2411 2516 2683 2590 mysteria

1637 2595 1867 2662 superat
1904 2587 2181 2647 obdurata
2228 2593 2397 2650 corda
2450 2594 2565 2667 illa,
2620 2603 2682 2652 et

1633 2660 1755 2720 fore
1781 2662 2035 2722 affirmat
2065 2668 2333 2728 vaticinia
2360 2670 2403 2729 J
2405 2670 2584 2731 ohelis
2609 2673 2685 2732 de

1631 2737 1737 2796 hoc
1761 2741 2052 2816 praedicta.

1475 2816 1517 2874 i.
1562 2815 1751 2875 Ovans
1777 2818 1969 2876 anima
1994 2840 2145 2879 nunc
2173 2831 2367 2883 nostra

1634 2896 1767 2953 boat
1792 2897 2046 2955 carmina
2072 2900 2277 2959 devota

1632 2992 1743 3051 quo
1770 2974 1911 3031 susci
1953 2975 2035 3034 iat

1631 3051 1877 3110 coelestia
1946 3054 2351 3115 a-lc.-bitacula.

1475 3129 1519 3189 i.
1562 3129 1786 3208 Pangat
1811 3133 1998 3190 omnis
2025 3133 2239 3192 chorda
2266 3144 2461 3196 nostra

1634 3218 1830 3266 sancta
1852 3211 2135 3288 praeconia
2159 3221 2259 3271 tua

1634 3294 1701 3343 ut
1726 3305 1951 3365 semper
1977 3288 2072 3367 pia

1634 3365 1909 3444 percipiat
1934 3368 2359 3429 ca-k.-rismata.

1479 3442 1517 3499 l.
1564 3441 1814 3501 Omnem
1843 3443 1988 3503 hanc
2013 3466 2228 3505 meram

1634 3522 1851 3600 suscipe
1877 3523 2179 3583 melodiam

1636 3606 1703 3657 ut
1727 3620 1802 3658 m.
1831 3621 2100 3679 queamus
2126 3606 2395 3665 scandere

1635 3675 1993 3739 lu·m.-cifiua
2019 3691 2077 3740 et
2103 3690 2203 3741 tua
2227 3683 2487 3744 cel-nessa

1638 3763 1698 3814 et
1722 3756 1925 3817 decora
1949 3760 2345 3822 u·lck.-ranica.

1483 3832 1521 3891 l.
1563 3832 1796 3892 Dudum
1823 3846 2040 3896 sacrata

1639 3911 1890 3972 imbuisti
1917 3925 2148 3993 pectora
2236 3969 2243 3975 .

1641 4009 1792 4069 nunc
1815 4013 1890 4051 m.
1921 4013 2022 4054 nos
2049 3995 2205 4075 reple
2231 3995 2463 4072 lumine,

1476 1979 1530 2035 τῇ
1461 1798 1521 1954 θέτο»

1487 4252 1560 4324 (v.
1587 4253 1700 4326 26.)

1486 4324 1676 4452 «ἑγνὶἒὲ
1710 4324 1988 4383 ista—13.
2019 4329 2101 4385 15.
2142 4332 2300 4387 Grad.
2330 4333 2434 4389 ista
2470 4334 2691 4393 vino.—
