2975 5009
258 226 394 293 443
573 240 797 290 raam
829 237 1085 291 sux‘rA.

258 404 495 470 tectum,
542 404 603 457 et
665 417 769 476 per
821 394 1041 477 tegulas
1093 394 1477 456 submiserunt

265 475 425 535 illum
438 495 566 534 cum
584 475 733 534 lecto
749 475 810 534 in
827 488 856 517 ⁸
867 475 1089 534 medio*
1102 485 1236 533 ante
1252 474 1294 534 J
1297 495 1472 533 esum.

263 554 526 623 Quorum
552 553 730 613 fidem
754 563 818 612 ut
844 553 1006 625 vidit,
1029 553 1217 625 dixit3
1259 552 1473 624 Home,

260 633 645 693 remittuntur
711 631 819 691 tibi
884 640 1113 710 peccata
1164 641 1284 690 tua.
1395 632 1478 692 Et

259 719 556 789 cmperunt
576 708 827 789 cogitare
856 709 1071 770 Scribae
1093 717 1152 769 et
1178 708 1473 781 Pharisaei,

259 790 511 849 dicentes
534 809 550 849 ι
609 789 753 857 Quis
800 797 888 847 est
938 787 1032 846 hic
1072 788 1171 866 qui
1221 787 1475 878 loquitur

262 866 693 947 blasphemias?
760 865 887 944 quis
938 874 1130 945 potest
1179 866 1475 925 dimittere

262 954 508 1025 peccata,
531 945 641 1002 nisi
662 942 811 1002 solus
839 943 1031 1004 Deus?
1096 943 1184 1004 Ut
1210 944 1475 1023 cognovit

260 1038 455 1084 autem
497 1023 540 1083 J
544 1042 669 1082 esus
707 1022 1076 1100 cogitationes
1121 1042 1336 1095 eorum,
1380 1043 1473 1082 re·

261 1102 564 1181 spondens,
584 1099 736 1159 dixit
753 1101 828 1158 ad
847 1098 997 1172 illos3
1043 1100 1197 1169 Quid
1214 1101 1479 1176 cogitatis

260 1179 414 1239 mala
454 1182 515 1237 in
558 1178 819 1257 cordibus
861 1178 1112 1238 vestris?
1191 1180 1344 1248 Quid
1385 1187 1474 1238 est

260 1258 497 1329 facilius,
524 1257 749 1316 dicere:
792 1255 1185 1316 Dimittuntur
1207 1257 1313 1316 tibi
1341 1277 1473 1335 pee-

261 1345 419 1396 cata:
462 1356 537 1394 an
577 1334 801 1393 dicere:
859 1334 971 1395 Sur
1091 1342 1151 1395 et
1197 1335 1469 1395 ambula?

263 1414 352 1474 Ut
390 1423 584 1473 autem
612 1412 797 1472 sciatis
823 1413 956 1489 quia
1036 1413 1165 1472 ilius
1202 1414 1472 1472 Hominis

262 1491 437 1552 habet
476 1499 819 1571 potestatem
846 1491 907 1548 in
947 1499 1106 1550 terra
1139 1491 1470 1551 dimittendi

262 1578 509 1651 peccata,
567 1568 674 1648 (ait
738 1568 1077 1649 paralytico)
1143 1569 1274 1629 Tibi
1325 1571 1470 1643 dico,

262 1670 451 1730 surge,
479 1648 617 1707 tolle
656 1647 866 1707 lectum
906 1657 1090 1720 tuum,
1132 1657 1191 1707 et
1226 1648 1369 1709 vade
1410 1648 1470 1706 in

262 1728 496 1786 domum
522 1736 702 1785 tuam.
802 1725 882 1784 Et
919 1726 1211 1786 confestim
1238 1746 1475 1808 surgens

263 1826 454 1871 coram
481 1805 612 1877 illis,
634 1802 771 1862 tulit
796 1803 1004 1863 lectum
1033 1804 1092 1861 in
1121 1823 1231 1882 quo
1249 1806 1474 1883 jacebat

264 1897 325 1942 et
349 1884 493 1943 abiit
531 1884 592 1941 in
619 1883 853 1940 domum
894 1903 1074 1956 suam,
1105 1885 1472 1960 magnificans

265 1961 475 2021 Deum.
532 1962 610 2021 Et
629 1969 825 2038 stupor
850 1961 1232 2039 apprehendit
1253 1981 1472 2033 omnes,

265 2050 327 2100 et
365 2039 810 2120 magnificabant
843 2038 1050 2097 Deum.
1147 2038 1228 2096 Et
1266 2039 1473 2117 repleti

262 2127 398 2177 sunt
436 2122 659 2188 timore,
697 2117 950 2175 dicentes
965 2136 984 2189 3
1036 2115 1190 2184 Quia
1226 2116 1473 2177 vidimus

268 2195 550 2255 mirabilia
574 2195 765 2253 hodie.

349 2274 553 2333 Credo.

349 2345 759 2426 offertorium.b

338 2427 528 2481 Lauda
544 2427 730 2480 anima
744 2441 865 2479 mea
882 2422 1178 2478 Dominum
1205 2444 1217 2479 ε
1244 2424 1476 2482 laudabo

266 2498 561 2552 Dominum
577 2497 637 2549 in
656 2497 770 2550 vita
789 2512 911 2549 mea
936 2515 948 2550 :
973 2495 1204 2569 psallam
1222 2497 1335 2553 Deo
1353 2515 1474 2554 meo

266 2568 529 2640 quamdiu
552 2584 656 2638 ero,
682 2565 935 2639 alleluya.

347 2639 587 2700 Secreta.

345 2717 648 2789 Sacrificia,
678 2715 942 2790 Domine,
969 2715 1084 2775 tuis
1125 2715 1315 2776 oblata
1339 2737 1472 2776 con·-

266 2798 567 2876 spectibus,
611 2795 707 2854 ille
752 2795 901 2874 ignis
948 2795 1172 2854 divinus
1212 2798 1473 2856 absumat

265 2876 365 2954 qui
391 2875 789 2955 discipulorum
810 2873 1027 2934 Christi
1046 2875 1132 2932 tui
1160 2894 1265 2953 per
1292 2874 1472 2953 Spiri-

266 2964 392 3013 tum
437 2955 711 3014 Sanctum
753 2952 924 3010 cerda
965 2954 1272 3011 succendit.
1353 2953 1470 3014 Per

267 3033 531 3092 eundem.
612 3032 686 3089 In
714 3032 934 3090 unitate
961 3030 1232 3109 ejusdem.

353 3110 740 3168 Communio.⁰

335 3187 568 3259 Spiritus
584 3188 680 3241 ubi
703 3185 824 3242 vult
840 3185 1011 3257 spirat
1035 3205 1047 3239 ι
1075 3191 1132 3240 et
1154 3202 1336 3242 vocem
1354 3185 1473 3256 ejus

266 3259 436 3328 audis,
471 3259 746 3329 alleluya:
774 3258 867 3312 sed
903 3257 1074 3312 nescis
1109 3259 1256 3313 unde
1289 3260 1474 3315 veniat

264 3335 365 3386 aut
395 3347 503 3399 qno
524 3329 701 3399 vadat,
727 3328 980 3402 alleluya,
1003 3328 1257 3401 alleluya.

344 3402 817 3460 Postcommwnio.

373 3479 652 3551 Concede,
705 3497 1044 3556 quaesumus,
1110 3475 1469 3554 omnipotens

268 3558 444 3631 DeuS,
466 3565 532 3617 ut
552 3556 718 3635 hujus
747 3557 1106 3647 perceptione
1131 3558 1468 3616 sacramenti

266 3638 350 3696 ita
385 3645 595 3696 nostrae
625 3634 948 3714 fragilitatis
975 3633 1113 3690 vitia
1147 3651 1467 3712 expurgen-

266 3724 383 3788 tur,
410 3726 688 3793 quatenus
727 3733 833 3805 per
874 3710 1152 3788 Spiritum
1195 3711 1465 3771 Sanctum

267 3795 672 3874 repromissum
726 3812 788 3849 m
856 3790 1017 3848 nobis
1081 3787 1294 3847 donum
1348 3798 1465 3850 tuae

263 3950 295 3982 ⁸
328 3937 742 3997 medium—92.
770 3936 856 3991 98.
884 3935 969 3991 57.
995 3933 1064 3990 V.

265 4014 295 4054 b
331 4013 418 4069 Ps.
445 4011 582 4067 cxlv.
610 4007 790 4091 (οιιΙγί.
819 4007 867 4077 1,
894 4006 974 4147 λζ

264 4094 292 4126 ⁶
326 4084 527 4140 Johan.
553 4097 668 4152 cap.
692 4096 770 4134 ιιι.
798 4077 871 4150 (v.
898 4077 947 4131 8.

264 4226 303 4261 ‘¹‘
336 4218 844 4280 sacerdota—Grad.

262 4298 304 4368 †
339 4294 598 4364 Alleluya
618 4308 739 4345 cum
760 4290 876 4344 suis
897 4289 1127 4344 versibus
1138 4294 1263 4360 post
1283 4291 1467 4361 sinqu-

260 4370 349 4423 las
371 4365 634 4420 Lectiones
656 4363 768 4417 nisi
785 4366 904 4432 post
924 4362 1168 4416 ultimam
1191 4367 1472 4417 cantantur

262 4457 302 4494 a
324 4439 463 4494 binis
474 4434 668 4506 pueris
689 4434 764 4489 ad
781 4433 1016 4504 yradum
1039 4431 1184 4486 chori
1205 4434 1268 4487 in
1289 4450 1471 4502 super·

1221 240 1410 299 QUA'P
1418 235 1560 288 UOR
1591 232 2011 283 TEMPORUM.

2155 232 2501 282 sAeBA'ro.
2667 217 2785 280 444

1727 390 1800 450 iae
1852 388 2180 450 sentiamus.
2288 389 2408 449 Per
2475 389 2786 448 Dominum.

1632 490 1671 528 n
1698 471 1922 529 unitate
1949 468 2224 546 ejusdem.

1694 661 2016 738 Sabbato
2045 662 2367 754 Quatuor
2385 672 2785 757 tempommn.

1672 760 1782 820 Ad
1807 762 2075 820 Missam.
2160 759 2475 837 Officium.‘¹

1669 839 1893 901 Caritas
1932 838 2046 898 Dei
2085 838 2294 897 diffusa
2319 846 2408 897 est
2446 837 2511 895 in
2552 836 2790 897 cordibus

1590 918 1815 991 vestris,
1869 916 2152 994 alleluya:
2221 937 2327 995 per
2390 915 2789 975 inhabitantem

1590 993 1872 1131 lSpiritum
1910 996 2033 1075 ejus
2064 995 2126 1053 in
2167 995 2347 1069 vobis,
2382 993 2649 1073 alleluya,
2674 994 2789 1054 alle·

1613 1095 1648 1132 u
1690 1094 1741 1132 a.

1651 1094 1994 1210 yPsalmus.⁰

1662 1228 1894 1283 Domine
1942 1227 2089 1281 Deus
2134 1225 2329 1280 salutis
2374 1242 2520 1282 meae
2566 1247 2579 1281 ε
2617 1224 2678 1280 in
2719 1226 2794 1282 die

1590 1299 1822 1354 clamavi
1847 1305 1905 1353 et
1928 1304 2087 1352 nocte
2110 1314 2287 1352 coram
2314 1302 2386 1351 te.

1690 1371 1876 1448 Kyrie
1934 1369 2165 1447 eleyson
2217 1368 2546 1427 solemniter
2599 1367 2796 1426 dicitur

1589 1449 1791 1526 absque
1806 1448 2070 1506 versibus.
2110 1447 2397 1523 Sequatur
2412 1445 2617 1505 Gloria
2631 1448 2687 1504 in
2704 1467 2792 1505 ex-

1587 1526 1750 1586 celsis
1768 1527 1917 1585 sicut
1936 1525 2098 1602 infra
2121 1526 2364 1583 Octavas
2383 1544 2519 1583 cum
2539 1524 2795 1600 reqiminc

1589 1605 1766 1663 chori.
1827 1604 2032 1663 Omnes
2055 1602 2353 1662 Orationes
2372 1603 2500 1659 sine
2527 1602 2796 1662 Dominus

1589 1683 1878 1742 vobiscum
1931 1682 2221 1754 dicuntur,
2265 1688 2482 1758 praeter
2545 1681 2796 1740 ultimam

1588 1782 1714 1839 quoe
1757 1769 1835 1897 eg
1881 1768 2010 1818 ante
2051 1759 2397 1896 Ερὶἑιιοῐαιη,
2441 1758 2796 1895 εεᾶιθιὲιΐηίιινη

1589 1860 1719 1898 cum
1826 1858 2033 1897 remae.
2283 1858 2472 1894 munes
2659 1859 2797 1896 iones

1590 1938 1718 1977 cum
1756 1917 1875 1974 suis
1916 1915 2100 1974 titulis
2147 1916 2405 1992 leqantur
2446 1915 2529 1972 ad
2565 1916 2796 1991 qradum

1589 1995 1748 2053 chori
1787 1995 1856 2052 iu
1899 1993 2328 2071 superpelliciis.
2434 1994 2646 2050 Prima
2682 2014 2797 2052 vero

1591 2073 1749 2130 lectio
1777 2074 1848 2129 ab
1888 2073 2119 2149 acolyto,
2149 2080 2200 2129 et
2240 2071 2374 2128 alioe
2402 2091 2442 2128 a
2482 2072 2700 2130 clericis
2737 2071 2798 2129 de

1589 2150 1833 2209 secunda
1843 2148 2043 2226 forma
2067 2150 2324 2225 leqantur
2332 2171 2355 2220 ;
2394 2157 2588 2208 tamen
2607 2151 2798 2228 quinta

1592 2228 1750 2286 lectio
1787 2229 1858 2286 ab
1898 2228 2092 2305 aliquo
2122 2231 2154 2265 '¹‘
2186 2227 2254 2285 de
2291 2227 2584 2304 superiori
2620 2229 2799 2304 yradu

1592 2305 1824 2382 leyatur.
1892 2307 1927 2382 †
1950 2305 2032 2363 Et
2056 2305 2285 2382 sinqula
2310 2304 2583 2382 Alleluya
2605 2327 2645 2363 a
2669 2307 2799 2364 duo-

1592 2385 1689 2441 bus
1745 2384 1945 2462 pueris
1998 2384 2067 2440 in
2119 2383 2538 2460 superpelliciis
2596 2385 2799 2443 ibidem

1590 2469 1885 2521 cantentur
1903 2462 2025 2520 sine
2040 2461 2370 2540 repetitione
2392 2460 2671 2540 Alleluya
2678 2470 2798 2542 post

1590 2540 2060 2678 εαυοηξατὲενεωηᾼ·

1818 2639 1894 2676 w.

1667 2695 1963 2755 Mentibus
2014 2695 2240 2768 nostris,
2285 2713 2634 2773 quaesumuS,
2686 2696 2798 2756 Do-

1589 2774 1764 2847 mine,
1794 2775 2073 2853 Spiritum
2102 2775 2376 2835 Sanctum
2405 2776 2691 2854 benignus
2715 2776 2796 2834 in-

1586 2851 1788 2924 funde;
1818 2854 1975 2931 cujus
1996 2861 2055 2913 et
2076 2853 2355 2930 sapientia
2370 2854 2590 2913 conditi
2612 2872 2797 2913 sumus

1589 2937 1650 2990 et
1672 2930 2032 3022 providentia
2056 2933 2462 3009 gubernamur.
2524 2932 2665 2993 Per.
2726 2933 2798 2991 In

1588 3018 1807 3071 umtate
1835 3008 2107 3087 ejusdem.

1668 3084 1863 3145 Lectio
1889 3087 1944 3145 J
1938 3087 2108 3145 ohelis
2135 3084 2478 3164 Prophetae!

1666 3166 1818 3225 Haec
1849 3166 1987 3225 dicit
2027 3166 2307 3225 Dominus
2348 3166 2546 3239 Deus;
2591 3166 2795 3226 Effun-

1587 3243 1719 3304 dam
1762 3245 1836 3305 de
1890 3244 2110 3324 Spiritu
2158 3264 2287 3303 meo
2338 3263 2511 3322 super
2567 3265 2795 3304 omnem

1587 3343 1854 3383 carnem:
1904 3334 1965 3382 et
2001 3321 2427 3401 prophetabunt
2469 3322 2580 3383 filii
2625 3324 2797 3385 vestri

1589 3408 1648 3461 et
1689 3400 1826 3460 filiae
1865 3410 2103 3461 vestree:
2152 3421 2314 3460 senes
2353 3403 2532 3460 vestri
2579 3402 2799 3461 somnia

1586 3480 1968 3552 somniabunt,
1998 3489 2057 3538 et
2086 3480 2322 3558 juvenes
2346 3481 2527 3540 vestri
2552 3482 2798 3543 visiones

1587 3559 1879 3619 videbunt.
1961 3559 2077 3618 Sed
2117 3567 2177 3617 et
2215 3577 2385 3636 super
2417 3578 2617 3621 servos
2644 3578 2796 3619 meos

1585 3645 1646 3696 et
1660 3635 1890 3695 ancillas
1907 3656 2060 3696 meas
2075 3636 2136 3695 in
2151 3636 2349 3696 diebus
2364 3635 2477 3695 illis
2496 3637 2792 3699 effundam

1582 3715 1656 3774 de
1684 3716 1905 3794 Spiritu
1930 3735 2077 3774 meo.
2158 3714 2239 3777 Et
2265 3713 2412 3773 dabo
2440 3717 2710 3795 prodigia
2734 3717 2794 3774 in

1583 3792 1723 3852 coelo
1743 3812 1960 3852 sursum
1986 3801 2046 3852 et
2066 3793 2226 3872 signa
2243 3793 2305 3850 in
2326 3801 2486 3853 terra
2505 3794 2794 3868 deorsum,

1585 3938 1615 3981 (ἱ
1650 3938 1805 3997 Rom.
1832 3956 1945 4010 cap.
1970 3956 2021 3996 v.
2049 3939 2120 4011 (v.
2149 3939 2225 4011 5.)

1585 4019 1611 4049 θ
1646 4010 1734 4065 Ps.
1760 4010 1986 4065 lxxxvii.
2014 4009 2288 4082 (lxxxviii.
2310 4009 2385 4081 1.)

1585 4080 1608 4120 ¹
1649 4098 1762 4153 cap.
1788 4082 1844 4136 ii.
1872 4084 1937 4138 G.
1964 4081 2037 4153 (v.
2067 4081 2289 4153 28-32.)

1574 4222 1816 4292 pelliciis,
1845 4240 1952 4292 pro
1986 4222 2327 4291 dispositione
2372 4221 2641 4293 Cantor-is,
2683 4224 2802 4278 siue

1585 4294 1883 4363 repetitione
1907 4291 2168 4364 Alleluya
2179 4298 2303 4363 post
2319 4310 2526 4347 versum
2544 4314 2567 4360 ‚·
2592 4312 2798 4349 verun-

1585 4368 1762 4419 tamen
1783 4369 1906 4418 ante
1926 4381 2048 4418 suos
2082 4380 2260 4419 versus
2292 4365 2512 4435 siumtla
2536 4365 2800 4437 Alleluya

1584 4434 2144 4504 amantum—Gra&
