2975 5009
140 247 268 312 445

141 419 470 497 sanguinem
503 424 564 477 et
590 417 780 496 ignem
809 424 868 476 et
894 437 1161 495 vaporem
1184 418 1346 476 fumi.

145 497 239 558 Sol
265 505 633 556 convertetur
660 497 722 553 in
748 499 1013 556 tenebras
1040 507 1099 555 et
1125 496 1261 555 luna
1287 498 1349 554 in

144 578 497 655 sanguinem,
526 582 830 651 antequam
857 576 1050 634 veniat
1085 575 1206 634 dies
1235 578 1350 633 Do·

146 655 284 712 mini
326 672 565 732 magnus
592 660 653 711 et
693 653 994 711 horribilis.
1090 653 1171 713 Et
1205 654 1350 713 erit:

149 733 330 791 omnis
369 734 693 811 quicunque
747 731 1092 791 invocaverit
1145 752 1354 793 nomen

150 811 400 882 Domini,
431 809 618 867 salvus
646 811 772 867 erit.

212 886 496 959 Alleluya.
547 885 608 940 V.
683 886 887 940 Emitte
910 884 1173 956 Spiritum
1198 891 1355 940 tuum

149 963 199 1014 et
220 960 553 1014 creabuntur
570 960 626 1009 et
642 957 923 1012 renovabis
939 957 1130 1011 faciem
1153 963 1360 1012 terrae.⁸

223 1029 306 1088 N
298 1051 372 1088 on
391 1027 665 1105 repetitur
683 1028 946 1100 Alleluya
962 1037 1092 1106 post
1119 1049 1358 1104 versum,

151 1109 241 1167 sed
266 1107 490 1165 dicitur
518 1104 781 1165 oremus-

228 1186 455 1246 Oratio,

224 1263 337 1323 1110
378 1281 483 1321 nos
523 1261 677 1340 igne,
716 1282 1054 1340 quaesumus,
1090 1261 1358 1336 Domine,

154 1341 396 1422 Spiritus
424 1339 665 1399 Sanctus
685 1340 1020 1414 inflammet,
1041 1361 1211 1419 quem
1244 1344 1360 1399 Do-

152 1423 338 1479 minus
382 1428 580 1477 noster
620 1418 661 1476 J
665 1438 790 1477 esus
828 1419 1088 1479 Christus
1116 1420 1271 1479 misit
1298 1420 1358 1478 in

153 1510 367 1559 terram
410 1505 471 1556 et
510 1496 686 1555 voluit
713 1496 1082 1558 vehementer
1112 1499 1359 1558 accendi.

158 1578 269 1647 Qui
298 1586 510 1636 tecum.
596 1575 670 1632 In
697 1577 916 1635 unitate
943 1577 1214 1656 ejusdem.

227 1655 428 1714 Lectio
458 1653 594 1710 libri
621 1651 917 1712 Levitici.b

229 1734 305 1791 In
344 1734 545 1790 diebus
585 1731 714 1802 illis,
755 1733 1005 1791 Locutus
1045 1741 1132 1793 est
1164 1734 1362 1792 Domi·

156 1834 258 1871 nus
278 1812 354 1870 ad
384 1811 647 1885 Moysen,
670 1811 864 1869 dicens
880 1833 896 1882 ;
940 1812 1202 1890 Loquere
1231 1812 1363 1870 filiis

160 1889 362 1961 Israel,
395 1897 454 1946 et
481 1889 634 1946 dices
672 1890 746 1946 ad
771 1909 896 1947 eos:
942 1890 1086 1948 Cum
1127 1891 1368 1968 ingressi

157 1969 382 2028 fueritis
424 1977 636 2025 terram
677 1987 845 2045 quam
883 1989 988 2046 ego
1016 1969 1160 2027 dabo
1187 1971 1362 2041 vobis,

160 2058 215 2106 et
236 2045 588 2104 messueritis
604 2055 875 2123 segetem,
892 2048 1086 2105 feretis
1106 2049 1364 2127 manipu-

160 2127 239 2184 los
271 2126 580 2203 spicarum,
613 2124 892 2203 primitias
920 2126 1116 2183 messis
1141 2136 1364 2199 vestrae,

160 2205 229 2263 ad
255 2203 639 2261 sacerdotem:
670 2203 767 2281 qui
789 2202 1029 2261 elevabit
1046 2202 1365 2262 fasciculum

163 2303 350 2341 coram
382 2280 648 2352 Domine,
675 2292 742 2338 ut
767 2281 1121 2362 acceptabilis
1148 2284 1223 2342 sit
1263 2304 1367 2362 pro

164 2361 338 2434 vobis,
369 2358 549 2417 altero
578 2359 669 2418 die
700 2360 949 2433 Sabbati,
973 2371 1031 2419 et
1057 2363 1369 2420 sanctifica-

168 2440 249 2498 bit
290 2438 477 2497 illum.
557 2437 952 2497 Numerabitis
982 2460 1116 2517 ergo
1142 2443 1212 2499 ab
1247 2442 1370 2519 ipso

165 2519 256 2577 die
277 2519 342 2575 in
364 2535 477 2595 quo
497 2515 775 2576 obtulistis
794 2518 1106 2596 manipulos
1127 2520 1370 2597 primiti-

165 2616 349 2669 arum,
420 2605 639 2672 septem
713 2595 1094 2654 hebdomadas
1155 2597 1370 2676 plenaS,

169 2695 347 2752 usque
401 2674 474 2730 ad
526 2672 765 2731 alteram
826 2675 979 2734 diem
1035 2677 1374 2754 expletionis

169 2751 547 2812 hebdomades
585 2753 882 2829 septimae:
925 2762 985 2812 et
1010 2754 1088 2812 sic
1124 2753 1374 2814 offeretis

170 2830 510 2889 sacrificium
544 2849 753 2888 novum
787 2831 1055 2903 Domin0‚
1082 2853 1157 2891 ex
1193 2834 1375 2891 omni-

172 2913 276 2968 bus
297 2908 632 2967 habitaculis
653 2911 868 2968 vestris.
927 2911 1111 2970 Panes
1128 2912 1375 2989 primiti-

170 3008 336 3046 arum
367 2988 506 3045 duos
541 2988 611 3045 de
639 2988 854 3046 duabus
890 2989 1120 3048 decimis
1155 2989 1376 3063 similae,

170 3087 312 3144 quos
341 3065 585 3125 elevabit
619 3069 873 3125 sacerdos
899 3088 1085 3126 coram
1114 3068 1376 3126 Domin0‚

171 3146 254 3205 Et
281 3145 554 3204 vocabitis
593 3144 742 3204 hunc
767 3147 920 3205 diem
947 3146 1376 3205 celeberrimum

170 3237 346 3302 atque
369 3224 806 3283 sanctissimum:
839 3245 1005 3284 omne
1024 3245 1160 3303 opus
1177 3224 1379 3284 servile

172 3324 290 3361 non
311 3302 533 3361 facietis
552 3303 613 3359 in
634 3323 718 3362 eo·
800 3303 1151 3382 Legitimum
1172 3305 1379 3383 sempi-

173 3392 412 3440 ternum
454 3381 564 3439 erit
604 3382 666 3438 in
707 3384 919 3441 cunctis
959 3382 1286 3442 habitaculis
1324 3392 1383 3441 et

171 3459 641 3537 generationibus
671 3462 889 3534 vestris,
916 3459 1073 3520 Dicit
1099 3462 1381 3520 Dominus

174 3538 334 3595 omni
380 3547 562 3596 otens.

353 3615 530 3685 eluya.
581 3614 640 3668 V.
714 3615 871 3684 Veni,
908 3615 1102 3670 Sancte
1137 3615 1382 3689 Spiritus,

172 3687 327 3757 reple
376 3690 595 3739 tuorum
643 3687 802 3741 corda
847 3686 1089 3740 fidelium
1136 3707 1149 3741 ε
1198 3694 1254 3744 et
1300 3688 1384 3742 tui

171 3756 378 3810 amoris
402 3756 462 3807 in
488 3757 565 3810 eis
587 3756 770 3828 ignem
794 3758 1038 3815 accende.

263 3828 488 3886 Oratim

260 3906 442 3977 DeuS,
485 3905 582 3982 qui
625 3907 698 3964 ob
740 3907 1056 3965 animarum
1107 3907 1384 3966 medelam

165 3983 381 4061 jejunii
399 3984 697 4042 devotione
715 3986 973 4063 castigari
991 4006 1223 4064 corpora
1238 4006 1385 4064 pree-

173 4062 420 4140 cepisti3
486 4063 728 4121 concede
780 4065 941 4123 nobis
996 4065 1274 4143 propitius
1327 4075 1387 4125 et

166 4231 201 4261 ⁸
241 4222 334 4276 Ps.
360 4221 618 4304 ciii.n<civ.
646 4222 758 4294 30.)

170 4294 203 4333 b
242 4310 361 4363 cap.
388 4310 540 4374 xxii-1.
568 4293 630 4347 B.
660 4294 730 4435 ἓν.
769 4293 920 4363 9-11,
951 4294 1141 4364 15-17,
1168 4294 1280 4367 21.)

170 4374 202 4473 Ξ
238 4364 1089 4489 {ttissssni92Y918534fi-fii'

168 4515 197 4545 0
238 4522 357 4560 non
379 4504 587 4561 habent
610 4504 696 4560 92.
724 4504 808 4560 98.
835 4504 931 4562 4Ιι.
959 4505 1044 4561 57.

827 260 1154 312 SABBA'ro
1187 259 1536 322 onnus-non
1566 263 1990 326 maurosum,

2544 250 2676 314 446

1466 427 1662 479 mente
1715 428 1775 478 et
1825 438 2057 498 corpore
2110 438 2338 498 semper
2393 421 2498 480 tibi
2556 441 2679 482 esse

1466 500 1719 558 devotos.
1804 498 1919 557 Per
1947 499 2277 556 Dominum.

1548 573 1745 634 Lectio
1774 575 1910 633 libri
1933 576 2407 634 Deuteronomii.⁰

1549 654 1621 712 In
1660 656 1860 713 diebus
1900 653 2031 726 illis,
2062 656 2228 712 Dixit
2267 656 2501 732 Moyses
2541 655 2679 714 filiis

1470 732 1679 805 Israe13
1718 732 1896 802 Audi,
1919 731 2118 804 Israel,
2136 753 2261 810 quse
2283 753 2389 813 ego
2410 735 2681 813 praecipio

1470 811 1576 870 tibi
1630 811 1802 868 hodie
1830 833 1844 870 :
1907 810 2051 870 Cum
2105 812 2408 871 intraveris
2460 822 2678 872 terram

1472 909 1642 1000 ffuam
1669 889 1950 948 Dominus
1987 888 2147 948 Deus
2176 898 2307 948 tuus
2332 892 2569 949 daturus
2596 898 2684 949 est

1516 968 1622 1027 tibi
1641 971 1672 1013 d
1732 966 2103 1041 ossidendam,
2123 977 2183 1027 et
2203 969 2514 1028 obtinueris
2536 989 2681 1041 eam,

1473 1055 1645 1123 atque
1690 988 2050 1105 {abitaveris
2115 1047 2177 1103 in
2237 1067 2321 1119 ea,
2383 1047 2549 1107 tolles
2609 1047 2684 1105 de

1475 1124 1693 1183 cunctis
1707 1123 1961 1203 frugibus
1977 1125 2092 1182 tuis
2110 1126 2410 1202 primitiaS,
2429 1136 2489 1185 et
2503 1143 2683 1205 pones

1476 1202 1537 1261 in
1564 1201 1816 1273 cartallo,
1841 1223 2152 1282 pergesque
2179 1205 2251 1262 ad
2292 1204 2473 1263 locum
2513 1212 2697 1282 quem·

1478 1281 1716 1359 elegerit
1771 1281 2055 1340 Dominus
2109 1283 2264 1341 Deus
2311 1292 2443 1342 tuus
2491 1292 2556 1342 ut
2601 1283 2684 1341 ibi

1478 1360 1771 1418 invocetur
1811 1379 2017 1418 nomen
2047 1360 2201 1438 ejus:
2244 1363 2586 1439 accedesque
2610 1362 2685 1418 ad

1477 1439 1828 1497 sacerdotem
1869 1439 1967 1515 qui
2005 1436 2180 1497 fuerit
2220 1440 2278 1497 in
2322 1440 2519 1498 diebus
2551 1439 2683 1511 illis,

1476 1525 1540 1575 et
1555 1517 1706 1574 dices
1720 1516 1793 1573 ad
1814 1536 1972 1575 eum:
2002 1515 2289 1575 Profiteor
2306 1517 2474 1576 hodie
2495 1539 2684 1576 coram

1481 1594 1731 1652 Domino
1774 1595 1897 1652 Deo
1945 1605 2058 1664 tuo,
2101 1596 2198 1672 qui
2245 1596 2541 1654 exaudivit
2583 1615 2686 1654 nos

1481 1680 1543 1732 et
1580 1672 1834 1749 respexit
1886 1671 2264 1732 humilitatem
2321 1683 2573 1732 nostram
2628 1683 2689 1734 et

1479 1750 1732 1809 laborem
1775 1759 1800 1787 θ
1819 1760 2078 1808 nostrum
2104 1765 2128 1795 e
2171 1760 2338 1828 atque
2384 1752 2687 1831 angustias,

1483 1838 1544 1889 et
1570 1830 1770 1888 eduxit
1796 1849 1900 1887 nos
1918 1829 1989 1887 de
2017 1829 2245 1908 Egypto
2271 1830 2329 1886 in
2360 1851 2530 1889 manu
2553 1828 2688 1888 forti

1484 1916 1543 1967 et
1572 1907 1802 1966 brachio
1829 1916 2083 1979 extentO,
2113 1909 2171 1965 in
2200 1908 2420 1986 ingenti
2461 1928 2688 1987 pavore,

1484 1986 1544 2043 in
1572 1986 1745 2066 signis
1766 1995 1934 2064 atque
1955 1986 2233 2063 portentis
2242 2008 2258 2058 ;
2293 1997 2350 2045 et
2367 1987 2691 2046 introduxit

1486 2067 1508 2106 ¹
1530 2085 1631 2123 nos
1663 2063 1684 2100 t
1728 2066 1802 2123 ad
1855 2065 2039 2123 locum
2094 2066 2287 2136 istum,
2337 2074 2396 2124 et
2448 2065 2692 2124 tradidit

1487 2144 1648 2202 nobis
1668 2143 2046 2202 terram-lacte
2068 2152 2127 2202 et
2143 2143 2311 2202 melle
2330 2154 2690 2216 manantem3

1488 2232 1548 2281 et
1571 2222 1777 2280 idcirco
1798 2242 1946 2280 nunc
1967 2221 2146 2281 offero
2165 2222 2445 2300 primitias
2464 2221 2700 2300 frugum

1487 2309 1679 2372 terrae,
1701 2321 1871 2379 quam
1894 2301 2169 2359 Dominus
2196 2301 2353 2360 Deus
2373 2312 2502 2360 tuus
2529 2301 2692 2359 dedit

1489 2378 1651 2436 mihi.
1748 2379 1828 2438 Et
1867 2379 2124 2437 dimittes
2165 2399 2258 2437 eas
2298 2379 2359 2436 in
2391 2389 2693 2458 conspectu

1489 2458 1725 2515 Domini
1769 2458 1877 2517 Dei
1917 2458 2020 2527 tui,
2062 2465 2122 2516 et
2164 2458 2400 2517 adorato
2443 2458 2694 2516 Domino

1490 2535 1617 2594 Deo
1642 2544 1759 2606 tue,
1785 2534 2102 2613 epulaberis
2130 2535 2189 2591 in
2219 2537 2477 2594 omnibus
2514 2535 2692 2610 boniS,

1488 2632 1617 2691 quse
1644 2613 1923 2671 Dominus
1950 2612 2106 2670 Deus
2132 2622 2261 2672 tuus
2288 2614 2511 2673 dederit
2540 2614 2664 2671 tibi.

1582 2690 1855 2760 Alleluya.
1935 2689 1995 2743 V.
2093 2688 2480 2758 Loquebantnr
2534 2690 2700 2746 variis

1487 2760 1693 2889 linguis
1714 2759 1941 2842 apostoli
1966 2779 1978 2813 z
2004 2761 2279 2831 magnalia
2302 2761 2450 2815 Deis

1626 2840 1794 2888 ratio·

1540 2910 1775 2981 Praesta,
1794 2928 2133 2985 quaesumus,
2148 2910 2504 2988 omnipotens
2522 2912 2697 2985 Deus,

1495 3000 1560 3046 ut
1580 2986 1913 3046 salutaribus
1926 2988 2153 3066 jejuniis
2175 2990 2401 3061 eruditi,
2419 2991 2491 3047 ab
2514 2991 2697 3046 omni-

1496 3068 1606 3125 bus
1622 3067 1794 3125 etiam
1817 3067 1967 3124 vitiis
1984 3067 2351 3139 abstinenteS,
2373 3068 2695 3147 propitiati-

1495 3166 1665 3204 onem
1693 3154 1851 3203 tuam
1877 3144 2091 3203 facilius
2117 3146 2508 3234 impetremus.
2564 3146 2698 3206 Per.

1577 3223 1770 3282 Lectio
1799 3223 1938 3280 libri
1963 3221 2262 3281 Levitici.¹¹

1579 3302 1655 3359 In
1693 3303 1891 3360 diebus
1929 3301 2058 3373 illis,
2099 3301 2270 3360 Dixit
2303 3301 2585 3360 Dominus
2623 3302 2697 3360 ad

1501 3380 1743 3457 Moysen
1772 3402 1789 3453 ;
1857 3380 1874 3418 1
1901 3379 2164 3457 Loquere
2216 3378 2348 3439 filiis
2405 3379 2588 3438 Israel
2640 3390 2702 3440 et

1499 3459 1650 3516 dices
1689 3461 1763 3518 ad
1803 3478 1933 3518 eos:
1963 3458 1980 3495 ί
2020 3460 2083 3519 Si
2122 3459 2182 3515 in
2223 3459 2703 3536 praeceptis=meis

1497 3536 1922 3597 ambulaveritis
1963 3546 2024 3597 et
2062 3538 2329 3595 mandata
2360 3557 2488 3596 mea
2518 3546 2700 3595 custo·

1501 3616 1723 3674 dieritis
1778 3625 1837 3676 et
1897 3616 2143 3675 feceritis
2195 3635 2278 3687 ea,
2332 3616 2479 3673 dabo
2545 3616 2703 3674 vobis

1501 3693 1718 3772 pluvias
1738 3695 2084 3773 temporibus
2102 3693 2235 3764 suis,
2254 3702 2314 3752 et
2331 3702 2488 3752 terra
2503 3693 2703 3771 gignet

1502 3792 1739 3849 germen
1782 3794 1963 3845 suum,
2013 3781 2074 3831 et
2118 3772 2299 3849 pomis
2339 3773 2570 3830 arbores
2608 3791 2702 3830 re-

1503 3850 1830 3927 plebuntur.
1955 3850 2372 3929 Apprehendet
2432 3851 2700 3908 messium

1504 3929 1715 3987 tritura
1746 3929 2107 4000 vindemiam,
2141 3937 2200 3988 et
2229 3929 2512 3988 vindemia
2542 3948 2702 3987 occu-

1505 4008 1665 4084 pabit
1691 4016 2037 4067 sementem:
2079 4017 2139 4067 et
2165 4008 2470 4068 comedetis
2493 4027 2701 4087 panem

1506 4223 1527 4262 ¹
1570 4242 1679 4278 non
1705 4224 1908 4281 habent
1932 4225 2016 4279 92.
2045 4225 2129 4278 98.
2157 4226 2224 4282 V.

1506 4303 1535 4342 s
1571 4295 1695 4348 Act.
1722 4313 1834 4366 cap.
1860 4295 1916 4348 ii.
1944 4295 2015 4367 (v.
2046 4296 2154 4367 11.)

1508 4364 1539 4473 ἒ·
1574 4382 1687 4490 n·
1708 4365 2265 4493 satagere>
