2975 5009
154 259 261 324 361
429 276 503 326 m
535 277 659 326 ms
694 278 1014 330 PAscnAE.

155 433 200 491 h.
237 432 460 493 Potenti
487 433 698 494 virtute
725 445 923 497 nostra

307 513 402 589 qui
429 512 569 572 lavit
592 512 843 574 facinora

308 590 562 650 tribuens
588 593 739 651 dona
762 592 993 674 fulgida.

158 667 194 724 i.
241 666 478 747 Stupens
505 669 669 731 valde
692 672 754 730 in
782 681 999 734 memet
1017 674 1141 753 jam

311 747 486 807 miror
511 748 810 809 hodierna.

161 824 196 881 i.
242 825 418 885 Tanta
441 828 693 907 indignis
719 830 974 908 pandere

315 905 474 964 nobis
500 917 866 968 sacramenta.

161 982 206 1039 lc.
249 982 429 1062 Stirpe
457 984 719 1043 Davitica

316 1071 488 1135 ortus,
517 1064 591 1122 de
618 1064 772 1123 tribu
800 1065 958 1124 Juda

315 1139 433 1199 Leo
458 1150 662 1219 potens
686 1144 986 1203 surrexisti
1014 1145 1074 1203 in
1100 1145 1299 1226 gloria,

319 1219 525 1297 Agnus
550 1220 703 1279 visus
729 1241 789 1280 es
818 1223 878 1280 in
906 1232 1081 1283 terra.

166 1293 213 1354 10.
246 1296 551 1358 ⁸Fundens
567 1312 596 1342 ⁸
621 1299 759 1358 olim
784 1321 940 1373 arva,

318 1396 493 1455 regna
519 1378 671 1456 petis
695 1398 920 1458 supera,

312 1455 484 1532 justis
509 1456 760 1515 reddens
785 1459 1039 1536 praemia,
1061 1459 1121 1518 in
1148 1459 1355 1520 meula

321 1534 628 1613 dignanter
656 1536 896 1596 ovantia.

172 1609 203 1666 l.
259 1610 377 1684 Dic,
404 1613 582 1691 impie
611 1613 842 1685 Zabule,

322 1691 458 1768 quid
481 1691 637 1751 valet
663 1713 812 1751 nunc
835 1692 989 1753 fraus
1012 1701 1130 1767 tua,

174 1766 206 1823 l.
261 1767 448 1847 Igneis
476 1790 659 1829 nexus
686 1769 823 1831 loris

326 1867 361 1904 a
389 1847 610 1907 Christi
637 1850 920 1910 victoria?

175 1944 238 1981 m.
263 1925 481 1999 Tribus,
507 1926 741 2019 linguae,
768 1929 1148 2001 admiramini,

327 2006 452 2083 quis
478 2006 701 2065 audivit
722 2007 860 2066 talia
885 2009 1185 2068 miraculal

176 2100 239 2139 m.
263 2079 344 2141 Ut
371 2104 525 2142 mors
547 2093 793 2143 mortem
821 2087 900 2145 sic
925 2095 1242 2166 superaret,

261 2237 300 2297 J
329 2163 411 2298 {lei
438 2163 804 2314 percigeirellgt
828 2165 1003 2225 talem
1031 2166 1296 2247 gratiam.

177 2257 225 2294 η.
298 2261 332 2298 ιι
375 2261 461 2299 aea
485 2261 612 2299 incr
683 2264 722 2299 u

332 2339 432 2378 cur
457 2339 655 2379 manes
680 2321 865 2381 adhuc
891 2322 1309 2384 inverecunda&

180 2415 229 2452 a.
267 2396 530 2477 Perspice
556 2398 937 2473 Christicolas,

335 2476 583 2554 qualiter
609 2477 724 2535 laeti
748 2488 959 2539 canunt
984 2479 1198 2558 inclyta

183 2573 224 2609 ο.
264 2552 636 2635 Redemptori
662 2559 935 2616 carmina.

176 2651 230 2708 p.
267 2632 437 2712 Ergo,
465 2635 562 2711 pie
593 2633 724 2692 Rex
749 2636 1000 2709 Christe,

337 2713 503 2770 nobis
530 2713 671 2771 dans
696 2716 951 2792 praemia‚

185 2808 228 2864 q.
272 2789 430 2849 Solve
460 2811 741 2850 nexorum
769 2793 1007 2853 vincula.
1106 2820 1111 2826 ·

185 2887 226 2924 ο.
263 2868 589 2927 Electorum
615 2872 846 2949 agmina

178 2965 233 3021 p.
270 2947 377 3005 Fac
402 2956 594 3006 tecum
624 2969 922 3028 resurgere

340 3026 413 3083 ad
441 3028 668 3086 beatam
694 3028 955 3106 gloriam,

185 3121 229 3177 q.
271 3103 456 3184 Digna
481 3107 804 3185 rependens
830 3107 1052 3167 merita.

184 3199 226 3238 r.
269 3181 554 3262 Paraclyti
588 3185 783 3245 Sancti
816 3184 1251 3245 consolationem
1291 3184 1379 3263 pi-

343 3282 437 3319 am

185 3357 228 3394 r.
266 3338 666 3419 Expectamus,
705 3343 1011 3402 secundum
1054 3340 1379 3420 promissio-

347 3439 482 3477 nem
512 3427 690 3493 tuam,

185 3513 223 3551 s.
272 3494 514 3557 Peracta
539 3499 902 3558 Ascensionis

348 3596 514 3634 sacra
538 3575 828 3636 solemnia.

185 3658 219 3707 t.
278 3651 408 3722 Qua
435 3674 494 3713 es
522 3675 808 3734 regressus
832 3654 906 3713 ad
932 3654 1103 3716 coelos

350 3734 504 3793 nube
531 3741 715 3802 tectus
740 3733 909 3806 clara,

184 3826 236 3866 u.
274 3807 502 3870 Pollens
529 3811 693 3873 laude
720 3821 955 3872 aeterna.

254 3887 637 3966 Evanyeliwn
661 3913 681 3949 .·
715 3890 1032 3949 Secwndwn
1059 3888 1383 3948 Marcum.b

257 3965 330 4023 In
369 3967 472 4026 illo
511 3976 790 4047 tempore,
815 3969 1008 4028 Maria
1041 3968 1382 4048 Magdalene

185 4049 240 4101 et
277 4044 474 4104 Maria
515 4046 716 4106 Jacobi
754 4056 815 4107 et
854 4046 1079 4108 Salome
1119 4054 1387 4107 emerunt

184 4132 451 4196 aromata,
469 4134 536 4184 ut
552 4126 844 4186 venientes
859 4134 1144 4206 ungerent
1158 4126 1202 4185 J
1204 4145 1380 4185 esum.

184 4196 259 4258 Et
280 4201 445 4261 valde
471 4224 638 4264 mane
665 4224 780 4262 una
817 4207 1196 4277 sabbatorum,
1224 4204 1383 4264 veni-

180 4377 208 4408 ⁸
237 4371 647 4431 fundans—92.
677 4377 762 4432 97.
791 4375 876 4433 98.

179 4440 208 4551 ξ
238 4446 485 4569 {aphni
511 4448 584 4501 A.
611 4449 698 4532 (ι.
712 4447 858 4572 1—73
998 4470 1006 4477 ·

281 4533 321 4570 s.
373 4533 498 4574 xxv.
527 4518 716 4592 (lxxv1.
746 4518 794 4589 8,
861 4519 898 4589 .)

1671 291 1734 340 r.
1769 295 1848 342 11.
1880 293 2054 346 ros'r
2090 297 2389 347 Pasan.
2517 285 2646 349 362

1436 456 1545 507 unt
1573 448 1648 507 ad
1690 459 2144 525 monumentum,
2186 464 2313 514 orto
2345 456 2467 534 jam
2508 458 2646 517 sole.

1441 528 1523 586 Et
1541 527 1811 587 dicebant
1830 530 1902 588 ad
1925 531 2165 591 invicem
2190 555 2206 605 ;
2233 533 2375 602 Quis
2394 534 2653 596 revolvet

1440 607 1602 664 nobis
1638 607 1886 687 lapidem
1931 611 2004 667 ab
2051 612 2196 670 ostio
2246 615 2652 673 monumenti?

1442 685 1522 743 Et
1577 687 1961 765 respicientes,
2017 689 2287 750 viderunt
2335 690 2655 751 revolutum

1441 763 1708 843 lapidem.
1789 764 1934 824 Erat
1958 768 2169 847 quippe
2205 788 2443 847 magnus
2471 770 2654 830 valde.

1446 842 1526 901 Et
1570 843 1925 903 introeuntes
1964 846 2025 902 in
2072 858 2526 921 monumentum,
2575 850 2660 907 vi·

1444 921 1655 981 derunt
1687 924 1956 1001 juvenem
1990 925 2283 985 sedentem
2325 927 2384 983 in
2418 928 2659 999 dextris,

1445 1010 1779 1079 coopertum
1807 1002 1951 1060 stola
1988 1005 2243 1078 candida,
2289 1013 2349 1064 et
2390 1008 2661 1085 obstupu-

1449 1088 1635 1138 erunt.
1720 1080 1835 1147 Qui
1864 1080 2016 1140 dixit
2055 1082 2197 1156 illis;
2247 1083 2445 1144 Nolite
2486 1103 2662 1164 expa-

1449 1178 1710 1218 vescere:
1758 1158 1958 1218 Jesum
2000 1163 2257 1238 quaeritis
2289 1161 2663 1222 Nazarenum

1450 1236 1784 1294 crucifixum
1804 1260 1819 1297 z
1845 1240 2116 1314 surrexit,
2139 1261 2254 1299 non
2276 1250 2363 1301 est
2389 1241 2513 1313 hic;
2537 1262 2665 1301 ecce

1450 1313 1603 1373 locus
1642 1315 1740 1373 ubi
1781 1327 2097 1394 posuerunt
2149 1340 2297 1377 eum.
2396 1320 2512 1380 Sed
2565 1320 2664 1392 ite,

1453 1393 1627 1452 dicite
1674 1394 1962 1472 discipulis
2015 1398 2137 1455 e'us
2183 1407 2243 1457 et
2286 1397 2486 1470 Petro,
2533 1398 2668 1476 quia

1453 1472 1741 1550 praecedet
1780 1492 1877 1530 vos
1916 1474 1977 1531 in
2113 1475 2357 1535 lilaeamz
2413 1477 2493 1535 ibi
2533 1497 2666 1536 eum

1455 1551 1739 1622 videbitis,
1768 1551 1911 1609 sicut
1934 1551 2087 1612 dixit
2111 1555 2284 1612 vobis.

1535 1628 1741 1689 Credo.

1542 1705 1947 1782 Offertovdwns

1530 1784 1693 1838 Ten-a
1705 1785 1929 1839 tremuit
1941 1790 1997 1840 et
2009 1784 2216 1855 quievit
2228 1786 2359 1841 dum
2376 1792 2673 1859 resurgeret

1460 1855 1746 1926 injudicio
1770 1856 1928 1927 Deus,
1954 1856 2207 1928 alleluya.

1546 1925 1789 1986 Secreta.

1543 2004 1792 2086 Suscipe,
1818 2025 2156 2084 quaesumus,
2184 2007 2454 2080 Domine,
2476 2027 2673 2087 preces

1464 2083 1658 2163 populi
1683 2086 1770 2144 tui
1793 2105 1922 2144 cum
1943 2084 2316 2144 oblationibus
2337 2085 2672 2158 hostiarum,

1465 2171 1533 2221 ut
1575 2162 1926 2241 paschalibus
1972 2163 2215 2224 initiatae
2254 2165 2560 2241 mysteriis,
2600 2166 2674 2224 ad

1467 2243 1806 2303 aeternitatis
1857 2242 2019 2301 nobis
2072 2243 2373 2317 medelam,
2427 2253 2487 2303 te
2540 2263 2673 2322 ope-

1467 2328 1653 2391 rante,
1681 2320 1998 2399 proficiant.
2084 2322 2201 2382 Per
2227 2323 2559 2382 Dominum.

1548 2398 1849 2476 Praefatio,
1949 2399 2029 2459 Et
2066 2409 2127 2460 te
2152 2401 2399 2479 quidem.
2501 2399 2677 2478 Infra

1473 2473 1775 2539 Canonem.
1855 2478 2351 2541 Communicantes
2406 2487 2456 2539 et
2507 2480 2678 2540 Hauc

1471 2555 1665 2634 igitur.

1555 2633 1942 2692 CommwniO.²¹

1544 2710 1752 2764 Pascha
1776 2716 2022 2765 nostrum
2057 2711 2370 2766 immolatus
2393 2717 2475 2767 est
2497 2711 2676 2767 Chris-

1472 2785 1578 2849 tue,
1595 2779 1863 2852 alleluya:
1888 2781 2073 2850 itaque
2095 2782 2378 2853 epulemur
2398 2783 2458 2836 in
2477 2801 2538 2837 az
2633 2783 2680 2837 is

1471 2849 1794 2976 {iltlicfritatis
1811 2856 1867 2905 et
1886 2851 2142 2922 veritatis,
2158 2852 2410 2927 alleluya,
2426 2802 2677 2926 allelyiga,

1551 2940 1579 2975 e
1603 2938 1638 2973 u
1676 2939 1723 2975 a.

1557 2939 2029 3051 Po{tcommuni0.

1540 3071 1817 3151 Spiritum
1847 3070 2026 3143 nobis,
2056 3071 2321 3143 Domine,
2350 3079 2465 3131 tuae
2494 3072 2678 3131 chari·

1478 3150 1613 3209 tatis
1675 3149 1939 3219 infunde3
2014 3158 2078 3209 ut
2123 3170 2261 3228 quos
2314 3153 2680 3217 sacramentis

1479 3227 1839 3287 Paschalibus
1878 3228 2111 3300 satiasti,
2139 3239 2239 3288 tua
2276 3228 2442 3287 facias
2469 3228 2681 3309 pietate

1477 3307 1799 3367 concordes.
1882 3307 1994 3366 Per
2030 3307 2356 3366 Dominum.
2440 3308 2514 3366 In
2555 3308 2681 3365 uni-

1477 3394 1598 3446 tate
1623 3386 1898 3465 ejusdem.

1582 3569 1795 3644 Feria
1827 3571 2134 3643 gemenda
2152 3580 2316 3664 post
2347 3569 2652 3642 Pascha.

1561 3667 1671 3727 Ad
1694 3668 1958 3727 Missam.
2044 3668 2350 3743 Officium.0

1565 3747 1902 3806 Introduxit
1927 3766 2025 3806 vos
2051 3746 2329 3805 Dominus
2369 3744 2430 3803 in
2466 3752 2680 3804 terram

1481 3825 1757 3885 fluentem
1780 3825 1864 3884 lac
1892 3824 2100 3897 etmel,
2123 3823 2396 3901 alleluya:
2426 3831 2485 3882 et
2504 3831 2568 3881 ut
2587 3823 2683 3882 lex

1481 3903 1718 3963 Domini
1745 3924 1970 3984 semper
2001 3905 2075 3963 sit
2100 3904 2161 3961 in
2188 3923 2287 3963 ore
2313 3910 2521 3975 vestre,
2547 3901 2682 3961 alle-

1482 3981 1631 4060 luya,
1660 3981 1919 4061 alleluya.

1561 4061 1874 4121 stannus!

1554 4137 1901 4193 confitemini
1937 4136 2169 4199 Domino
2192 4136 2449 4207 quoniam
2475 4136 2683 4191 bonus:

1482 4209 1739 4280 quoniam
1762 4209 1823 4262 in
1845 4208 2103 4263 saeculum
2128 4207 2487 4265 misericordia
2509 4208 2639 4280 ejus.

1481 4374 1512 4414 ⁴¹
1550 4375 1580 4428 1
1606 4376 1676 4429 ad
1701 4374 1817 4428 Cor.
1843 4390 1956 4445 cap.
1983 4391 2033 4428 v.
2062 4375 2132 4446 (v.
2163 4376 2211 4445 7,
2239 4374 2320 4451 8.)

1483 4454 1508 4484 Θ
1546 4445 1715 4499 Exodi
1740 4461 1853 4515 cap.
1881 4444 1995 4497 xiii.
2030 4446 2101 4514 (v.
2129 4445 2179 4511 5,
2207 4446 2283 4517 9.)
2318 4507 2334 4520 ·

1481 4515 1505 4553 f
1539 4515 1628 4571 Ps.
1654 4514 1814 4571 cxvii.
1843 4513 2046 4584 (cxviii.
2079 4514 2151 4585 1.)
