2975 5009
318 196 444 262 351

1170 208 1612 258 BENEDICTIO
1657 203 2002 255 FonUM.

2720 193 2827 256 352

319 367 486 427 terim
503 375 533 405 ⁸
575 366 827 425 sacerdos
874 373 1160 444 asmipta
1207 365 1402 424 casula
1451 366 1531 423 ad
1644 360 1824 420 altare
1849 362 2004 420 dicat
2023 378 2053 408 ⁸
2080 362 2396 436 Confiteor,
2424 364 2763 424 Misereatur
2784 372 2824 420 et

318 505 348 535 ⁸
382 495 528 550 dicat
550 491 961 549 sacerdos—92.
989 491 1075 549 98.
1101 493 1262 549 Grad.

319 604 514 660 Sancte
536 602 863 672 Sebastiane,

1636 602 1837 656 librum
1869 609 1964 658 stet
1998 605 2139 658 iuter
2170 607 2455 660 diaconum
2492 607 2599 676 (sic
2634 606 2714 675 28,
2748 606 2820 675 55,

318 675 514 731 Sancte
549 673 780 728 Maurici
814 689 939 728 cum
963 670 1118 727 sociis
1140 671 1266 742 tuis,
1304 688 1399 726 ora
1432 687 1530 742 pro
1641 672 1759 727 193.
1776 674 2151 757 subdiaconum
2166 676 2288 746 23.)
2301 678 2531 730 etoleum
2543 678 2826 746 ,·epi⁸oopm

391 744 559 799 nobis.

320 814 521 869 Omnes
543 813 716 868 sancti
741 817 1016 884 martyres,
1043 818 1190 866 orate
1265 852 1301 865 ..

319 885 514 941 Sancte
537 883 839 953 Benedicte,
866 899 962 937 ora
1036 923 1074 937 ..

316 955 512 1011 Sancte
534 954 807 1023 Nicholae,
884 993 915 1007 ..
933 993 948 1008 .

316 1026 512 1081 Sancte
535 1025 816 1093 Germane,

317 1096 514 1151 Sancte
536 1093 792 1163 Romane,

317 1166 514 1221 Sancte
536 1165 782 1233 Adelme,

316 1235 513 1291 Sancte
534 1235 858 1306 Augustine,

319 1305 521 1360 Omnes
541 1305 715 1359 sancti
737 1305 1068 1374 confessores,
1095 1309 1242 1359 orate
1316 1343 1354 1356 ..

316 1376 518 1431 Sancta
540 1375 720 1445 Lucia,
748 1392 843 1430 ora

316 1446 516 1501 Sancta
537 1444 848 1514 Petronilla,

314 1517 514 1572 Sancta
538 1516 856 1585 Katherina,
933 1556 945 1568 .
958 1556 970 1569 .
983 1555 996 1570 .

314 1585 514 1643 Sancta
537 1585 825 1656 Christina,

312 1655 513 1713 Sancta
534 1655 781 1728 Brigitm,

313 1726 514 1781 Omnes
536 1733 738 1782 sanctes
761 1726 1007 1797 virgines,
1033 1731 1180 1781 orate

312 1796 514 1853 Omnes
535 1798 723 1866 sancti,

381 1868 455 1923 Iu
500 1867 587 1920 hie
625 1869 833 1921 dwbus
876 1867 1118 1920 Letauiis
1157 1881 1266 1919 nou
1305 1865 1520 1918 dicatur

309 1935 475 1993 Pater
520 1938 586 1992 de
633 1938 783 1992 coelis
1038 1935 1144 1988 Fili
1193 1934 1392 1988 Redem
1434 1939 1519 1989 tor

307 2007 501 2062 mundi
527 2008 672 2062 Deus
692 2025 855 2078 neque
920 2006 1115 2078 piritus
1144 2004 1340 2059 Sancte
1453 2019 1518 2058 us

489 2079 689 2132 Sancta
711 2077 960 2145 Trinitas,
986 2092 1130 2129 unus
1152 2075 1311 2129 Deus.

413 2154 513 2202 tem
559 2149 801 2203 Gela-sius
834 2147 997 2216 Papa
1036 2146 1259 2198 ostendit
1297 2145 1474 2198 dicens
1492 2164 1514 2209 ;

310 2217 452 2283 Quia
474 2218 587 2287 ipse
607 2219 704 2287 qui
722 2219 890 2271 Pater
922 2222 971 2270 et
992 2215 1172 2269 Filius
1193 2220 1242 2268 et
1275 2214 1517 2284 Spiritus

304 2287 549 2356 Sanctus,
579 2304 693 2340 una
713 2304 944 2355 persona
967 2288 1028 2339 in
1057 2286 1317 2339 Trinitate
1339 2289 1373 2356 (
1382 2285 1513 2338 Uni-

303 2363 409 2412 tate
429 2357 552 2426 23.)
577 2362 626 2410 et
647 2363 750 2410 tres
767 2372 1010 2425 personae
1032 2357 1094 2409 in
1129 2355 1353 2425 Unitate,
1379 2361 1428 2409 et
1449 2359 1515 2410 in

300 2427 571 2496 sepulchro
578 2444 630 2480 sc
642 2428 896 2481 custodiri
908 2428 1152 2495 mittitur,
1163 2428 1376 2480 omniuo
1382 2427 1515 2480 dicit

300 2498 476 2553 adhuc
521 2503 820 2551 surrexeerat
863 2514 902 2551 a
946 2498 1168 2550 mortuis
1213 2498 1309 2567 qui
1349 2498 1514 2550 voluit

287 2568 1512 2709 gffimmagmffiwffidmffl

285 2710 567 2779 proedictae
584 2714 812 2780 quatuor
821 2679 1150 2763 dausulae'in
1166 2708 1252 2762 his
1269 2707 1511 2762 Letauitb

291 2785 504 2850 possent
512 2781 868 2849 praetermitti.

369 2848 1509 2918 Hocmodofflstotibadfontesexparte

293 2921 609 2989 occidentali,
671 2921 829 2973 donec
874 2924 1216 2989 permutetur
1259 2919 1504 2988 Letania,

293 2992 484 3046 scilicet
517 2991 594 3044 ad
620 2991 855 3060 madum
878 2989 1060 3060 fontis
1093 3007 1155 3044 a
1188 2995 1339 3058 parte
1376 2991 1505 3042 occi-

292 3061 492 3117 dentati
504 3065 598 3114 stet
613 3061 861 3129 sacerdos,
880 3065 1015 3114 retro
1033 3077 1182 3131 quem
1197 3064 1334 3113 stent
1348 3062 1508 3130 quiu-

293 3149 391 3203 que
428 3131 641 3184 diaconi
681 3131 962 3184 Letaniam
999 3134 1283 3199 cantantes,
1316 3131 1507 3184 deinde

291 3203 368 3256 ad
390 3202 560 3256 alium
577 3202 807 3270 qradum
814 3198 995 3270 sontis
1016 3219 1078 3255 ex
1089 3205 1249 3270 parte
1260 3201 1509 3255 orientali

281 3289 426 3341 puer
447 3272 641 3324 librum
649 3269 849 3341 ferens,
886 3272 1073 3325 deinde
1108 3272 1378 3339 diaconus,
1415 3272 1503 3326 de-

293 3343 417 3395 inde
429 3342 793 3410 subdiaconus,
811 3341 1000 3394 deiude
1012 3341 1178 3393 oleum
1194 3345 1243 3393 et
1254 3339 1500 3411 chrisma,

293 3413 480 3466 deiude
508 3413 734 3480 portitor
754 3412 884 3464 cerei
901 3410 1081 3480 fontis
1119 3410 1306 3463 deiude
1327 3410 1501 3464 thuri-

291 3482 745 3547 bulaiius,deinde
756 3482 1057 3547 oleum,cero
1085 3481 1304 3548 erarius,
1315 3483 1502 3535 exinde

290 3555 398 3609 duo
432 3552 609 3606 acoliti
640 3567 841 3604 crucem
864 3548 1112 3621 ferentes,
1149 3552 1392 3605 07an
1425 3553 1501 3607 ad

362 3694 625 3748 Executor
644 3691 817 3761 officii,
842 3706 1112 3743 conum-sus
1138 3690 1213 3744 ad
1233 3692 1495 3762 orientem,

275 3761 457 3836 sontes
479 3762 828 3830 benedicendo,
847 3761 1061 3813 assistat
1081 3761 1323 3814 minister
1331 3763 1500 3828 juxta

277 3836 489 3907 ,fontem
542 3834 888 3886 circumstans
933 3830 1173 3885 ordinate
1227 3832 1417 3885 scilicet
1461 3851 1501 3888 a

292 3905 504 3972 dextris,
537 3903 704 3970 juxta
738 3900 1046 3954 sacerdotem
1085 3905 1183 3954 stet
1226 3901 1497 3974 dmum,

291 3975 643 4031 subdiaconus
700 3987 814 4024 vero
859 3986 897 4023 a
935 3970 1170 4024 sinistris
1187 3990 1209 4035 ,·
1258 3973 1353 4042 qui
1382 3972 1502 4043 fert

292 4045 523 4100 chrisma
539 4047 634 4095 stet
644 4041 813 4109 juxta
829 4041 1124 4110 diaconum,
1146 4043 1242 4124 qui
1262 4059 1374 4096 vero
1382 4044 1502 4114 fert

293 4131 498 4171 crucem
542 4117 638 4165 stet
687 4111 944 4164 sacerdoti
987 4117 1219 4181 opposito
1259 4114 1334 4166 ad
1378 4131 1498 4168 eum

292 4199 577 4249 conversus,
610 4182 779 4248 juxta
809 4198 959 4251 quem
982 4183 1152 4236 eodem
1184 4184 1334 4236 modo
1367 4190 1503 4240 stent

292 4252 597 4325 ceroferarii
612 4252 731 4320 duo,
740 4256 866 4321 post
879 4250 1250 4324 ceroferaoium
1266 4259 1315 4307 et
1330 4253 1500 4308 thuri-

294 4325 578 4390 bularium,
615 4323 710 4392 qui
730 4339 844 4377 vero
863 4320 982 4394 fert
1002 4341 1203 4379 cereum
1224 4325 1363 4377 inter
1382 4326 1524 4380 dia--

294 4411 484 4450 ccmum
529 4397 578 4447 et
625 4391 866 4463 chr-ism,
917 4410 1061 4463 puer
1111 4399 1287 4450 anetem
1317 4391 1505 4466 ferens

1636 746 1826 811 tamen,
1843 746 2329 816 sipraesemfuevit,
2345 764 2383 800 a
2394 753 2536 816 terqo
2547 749 2824 801 canentium

1638 812 1924 867 Letaniam
1944 820 2007 868 ut
2029 817 2091 870 in
2112 817 2238 870 aliis
2259 818 2682 871 Processionffius
2710 834 2820 870 sern-

1626 899 1731 951 per
1752 883 1945 953 influe
1966 886 2215 941 ultimum
2237 888 2406 940 locum
2423 892 2574 942 tenet.

1636 953 1911 1076 &Deinde
1926 962 2161 1011 executor
2174 958 2336 1026 officii
2349 957 2610 1028 adfontes
2621 958 2824 1027 incipiat

1720 1027 1970 1094 sequitur.

1707 1092 1972 1149 Dominus
1994 1095 2281 1151 vobiscum.
2360 1097 2582 1152 Olim-us.
2624 1098 2821 1152 Etcum

1632 1162 1828 1234 spiritu
1852 1170 1962 1219 tue.
2037 1166 2278 1221 OremuS.

1705 1233 2059 1307 Omnipotens
2092 1238 2418 1308 sempiterne
2453 1238 2612 1307 Deus,
2660 1237 2823 1292 adesto

1631 1320 1845 1375 magnae
1882 1306 2098 1377 pietatis
2133 1309 2415 1378 mysteriiS‚
2454 1309 2637 1362 adesto
2670 1325 2822 1362 sacra·

1630 1376 1844 1444 mentia,
1883 1382 1939 1429 et
1975 1377 2045 1430 ad
2085 1379 2396 1432 recreandos
2420 1395 2589 1433 novos
2619 1396 2688 1450 po
2755 1378 2825 1432 loe

1630 1460 1764 1512 quos
1781 1445 1880 1500 tibi
1899 1446 2021 1501 fons
2037 1448 2375 1519 baptismatis
2398 1449 2649 1520 parturit,
2708 1449 2823 1520 piri·

1629 1519 1750 1567 tum
1786 1516 2089 1587 adoptionis
2123 1519 2325 1588 emitte,
2363 1525 2428 1573 ut
2463 1521 2606 1589 quod
2641 1525 2823 1574 nostroe

1629 1583 1959 1640 humilitatis
2042 1590 2269 1642 rendum
2284 1596 2365 1643 est
2388 1590 2700 1658 ministeriO,
2720 1596 2823 1644 tuae

1628 1653 1847 1711 virtutis
1860 1656 1934 1710 im
1995 1663 2149 1712 eatur
2153 1666 2511 1730 prosequatur
2527 1667 2588 1714 ut
2720 1663 2825 1715 itur

1627 1723 1832 1780 effectu.
1973 1745 2030 1782 er
2053 1728 2345 1782 Dominum
2370 1737 2616 1785 nostrum
2685 1748 2825 1785 esum

1627 1793 1903 1849 Christum
1940 1797 2142 1852 Filium
2167 1804 2340 1868 tuum,
2368 1800 2465 1870 qui
2489 1809 2667 1856 tecum
2697 1801 2828 1856 vivit

1627 1870 1684 1919 et
1706 1872 1896 1936 regnat
1910 1867 1969 1920 in
1986 1868 2198 1923 unitate
2211 1869 2444 1941 Spiritus
2456 1872 2656 1943 Sancti,
2677 1872 2824 1928 Deus.

1701 1935 1807 1991 Per
1820 1938 2005 1992 omnia
2026 1940 2225 1995 saecula
2246 1941 2583 1996 saeculorum.

1701 2006 1901 2061 Amen.

1701 2076 1964 2131 Dominus
1986 2078 2275 2134 vobiscum.

1699 2145 1773 2200 Et
1793 2164 1918 2201 cum
1942 2149 2137 2219 spiritu
2159 2155 2272 2205 tuo.

1700 2216 1921 2271 Sursum
1953 2220 2126 2274 corda.

1698 2285 1976 2342 Habemus
2003 2291 2073 2343 ad
2099 2290 2409 2346 Dominum.

1699 2357 1914 2412 Gratias
1936 2376 2159 2429 agamus
2182 2361 2415 2418 Domino
2438 2362 2552 2418 Deo
2568 2368 2762 2419 nostro.

1697 2425 1937 2498 Dignum
1965 2435 2020 2484 et
2034 2430 2251 2501 justum
2276 2438 2371 2486 est.

1702 2496 1836 2552 Vere
1874 2499 2102 2570 dignum
2139 2507 2196 2555 et
2221 2501 2438 2572 justum
2474 2508 2569 2570 est,
2613 2521 2824 2575 aequum

1625 2572 1682 2620 et
1714 2568 1964 2638 salutare,
2001 2586 2101 2624 nos
2137 2573 2236 2626 tibi
2272 2589 2484 2644 semper
2530 2581 2587 2628 et
2634 2576 2825 2646 ubique

1620 2638 1824 2708 gratias
1849 2656 2018 2710 agere,
2047 2640 2290 2711 Domine,
2315 2649 2500 2697 sancte
2519 2644 2695 2715 Pater,
2718 2664 2824 2702 om-

1622 2709 1872 2779 nipotens
1895 2716 2097 2765 aeterne
2134 2712 2290 2782 Deus,
2317 2714 2414 2782 qui
2449 2714 2716 2770 invisibili

1621 2779 1796 2833 tentia
1807 2787 2260 2862 sacramentorum
2276 2789 2495 2838 tuorum
2508 2786 2825 2843 mirabibter

1619 2849 2180 3002 ⁰ffiffiffgggffiffsss
2193 2924 2463 2994 mysteriis
2475 2928 2826 2997 exsequendis

1617 3005 1787 3044 simus
1810 2991 2037 3062 indigni,
2063 2997 2128 3045 tu
2145 2999 2327 3047 tamen
2345 2997 2538 3066 gratiae
2555 3002 2670 3054 tuae
2686 3000 2826 3054 dona

1617 3075 1727 3113 non
1770 3061 2028 3131 deserens,
2078 3062 2239 3117 etiam
2283 3066 2353 3119 ad
2400 3072 2613 3122 nostras
2648 3087 2827 3142 preces
2931 3100 2932 3125 ;

1616 3147 1773 3184 aures
1797 3137 1907 3186 tuse
1929 3132 2147 3214 pietatis
2169 3134 2410 3191 inclines.

1689 3200 1848 3270 Deus,
1874 3218 2029 3284 cujus
2050 3201 2284 3274 Spiritus
2305 3223 2465 3276 super
2486 3225 2658 3278 aquas
2684 3210 2829 3266 inter

1615 3269 1732 3340 ipsa
1759 3272 1952 3353 mundi
1986 3273 2279 3344 primordia
2312 3276 2597 3348 ferebatur,
2625 3286 2689 3334 ut
2704 3281 2823 3352 Jam

1615 3346 1747 3395 tunc
1781 3347 2038 3396 virtutem
2077 3345 2520 3402 sanctificationis
2558 3366 2825 3420 aquarum

1613 3417 1812 3466 natura
1832 3413 2161 3484 conciperet:

1684 3482 1844 3552 Deus,
1870 3482 1965 3552 qui
1993 3484 2237 3538 nocentis
2257 3487 2452 3540 mundi
2474 3488 2709 3547 crimina
2730 3509 2826 3564 per

1610 3567 1779 3634 aquas
1803 3554 2039 3637 ‚abhlem
2068 3557 2486 3639 regenerationis
2507 3563 2738 3632 speciem
2763 3563 2825 3617 in

1610 3622 1959 3777 sagias
1989 3623 2251 3777 {3333ss
2277 3635 2827 3772 mimas

1610 3768 1748 3817 esset
1771 3769 1918 3818 vitus
1939 3769 1995 3818 et
2017 3780 2165 3836 ongo
2188 3766 2510 3824 virtutibus:

1682 3832 1917 3916 Respice,
1938 3852 2262 3920 quaesumus,
2289 3837 2534 3922 Domine,
2551 3841 2614 3895 in
2629 3842 2824 3899 faciem
2929 3890 2930 3905 ,

1610 3902 1861 3985 Ecclesiae
1885 3910 2011 3975 tuae,
2033 3911 2089 3960 et
2104 3907 2407 3991 multiplica
2429 3927 2489 3963 in
2516 3929 2581 3966 ea
2603 3930 2821 3985 regene-
2929 3934 2930 3971 ῑ

1610 3980 1845 4029 rationes
1869 3981 2003 4030 tuas.
2092 3976 2198 4041 Qm
2212 3984 2402 4049 gratlae
2420 3986 2534 4036 tuae
2549 3983 2827 4039 affluentis
2929 3994 2930 4009 ¹

1609 4043 1818 4115 impetu
1840 4045 2081 4100 laetificas
2096 4047 2369 4102 civitatem
2395 4055 2565 4121 tuam,
2591 4054 2826 4109 fontem-

1611 4131 1716 4183 que
1735 4116 2073 4186 baptismatis
2083 4118 2259 4187 aperis
2276 4125 2390 4173 toto
2408 4123 2534 4177 orbe
2553 4129 2827 4179 terrarum

1610 4185 1864 4254 gentibus
1897 4185 2223 4258 invocandis,
2265 4195 2329 4242 ut
2367 4195 2481 4246 tuae
2519 4194 2831 4265 majestatis

1611 4256 1837 4337 imperio
1859 4262 2039 4311 sumat
2062 4257 2347 4329 Unigeniti
2384 4261 2469 4314 tui
2490 4267 2724 4333 gratiam
2761 4268 2834 4323 de

1610 4324 1818 4396 Spiritu
1834 4325 2044 4382 Sancto.
2088 4327 2200 4382 Hic
2215 4330 2423 4384 dividat
2437 4349 2641 4404 aqwm
2658 4353 2838 4394 manu

1616 4412 1721 4452 sua
1742 4398 1807 4452 iu
1827 4399 2043 4453 modum
2064 4400 2239 4454 crucis
2263 4401 2456 4473 dicem,
