2975 5009
140 247 261 335 6533

143 461 340 520 aquam
395 446 455 497 et
496 439 693 498 'etiam
761 436 921 496 illum
986 440 1342 518 sanguinem.

141 534 168 564 ⁸
190 518 555 578 Innocentius
582 527 778 577 tamen
819 516 977 588 dicit,
1006 519 1156 593 quod
1195 518 1244 575 si
1272 538 1348 576 ex

143 597 567 677 prolongatione
632 593 893 655 sacerdos
958 594 1128 654 timet
1187 615 1347 654 scan-

144 676 351 747 dalum,
404 675 555 752 quod
609 673 900 733 sufficiunt
966 681 1196 732 tantum
1249 673 1349 731 illa

144 758 313 813 verba
364 773 468 832 per
515 772 642 829 quae
687 758 1053 809 consecratur
1099 752 1347 832 sanguis,

146 833 348 891 scilicet
399 829 600 888 Simili
652 829 832 902 modo,
884 839 942 888 et
995 830 1073 889 sic
1126 850 1350 889 sumere

146 910 529 989 sanguinem.⁸

240 988 398 1056 Quid
456 994 648 1044 autem
716 984 883 1044 faciet
950 1005 1080 1043 cum
1146 1006 1349 1063 aquam

149 1075 372 1144 sumpto
408 1083 642 1141 corpore
673 1062 798 1141 jam
840 1063 1011 1122 habet
1047 1065 1109 1121 in
1149 1083 1261 1137 ore,
1292 1072 1352 1122 et

143 1147 259 1223 jam
277 1144 463 1222 primo
481 1142 659 1201 sentit
676 1141 826 1219 quod
844 1142 918 1199 sit
934 1152 1351 1219 aqua—utrum

111 1271 114 1278 Α
150 1224 353 1282 debeat
394 1240 520 1279 eam
565 1220 852 1298 deglutire
906 1220 996 1278 vel
1051 1221 1350 1280 emittere:

150 1301 373 1378 require
400 1300 462 1356 in
484 1299 720 1359 Summa
744 1298 1068 1357 Hostiensis
1096 1299 1157 1355 in
1184 1298 1355 1358 titulo

152 1384 189 1412 ‘⁴
216 1380 289 1437 de
343 1376 719 1436 celebratione
786 1377 1046 1435 Missae.”
1154 1378 1355 1436 Tutius

154 1465 346 1515 tamen
376 1464 465 1514 est
501 1474 626 1513 eam
667 1453 950 1532 deglutire
992 1474 1159 1532 quam
1189 1456 1358 1514 emit-

155 1545 277 1593 tere
299 1556 315 1607 ;
372 1541 432 1593 et
460 1532 565 1590 hoc
606 1531 734 1591 ideo
762 1552 833 1590 ne
859 1533 1048 1613 aliqua
1084 1532 1359 1612 particula

155 1612 405 1691 corporis
432 1630 560 1668 cum
587 1629 732 1687 aqua
758 1619 945 1669 exeat.

229 1690 382 1749 Item
401 1689 449 1747 si
466 1691 721 1747 sacerdos
737 1697 864 1767 post
880 1688 1356 1748 consecrationem

156 1770 485 1829 recordetur
529 1786 590 1824 se
631 1785 747 1824 non
792 1787 913 1826 esse
947 1768 1228 1846 jejunum,
1270 1766 1360 1826 vel

157 1845 495 1907 commisisse
522 1844 747 1922 aliquod
786 1857 1097 1925 peccatum,
1125 1846 1216 1904 vel
1242 1865 1360 1904 esse

159 1922 709 1984 excommunicatum
731 1944 748 1995 ;
790 1925 963 1983 debet
988 1923 1359 1983 nihilominus

159 2003 485 2082 procedere,
512 2020 639 2059 cum
672 2003 959 2080 proposito
985 2001 1360 2062 satisfaciendi

161 2092 220 2141 et
245 2080 660 2139 absolutionem
689 2080 1055 2157 impetrandi.

241 2160 305 2219 Si
345 2166 537 2216 autem
579 2165 713 2216 ante
755 2160 1227 2218 consecrationem
1270 2177 1361 2216 re-

163 2238 428 2296 cordetur
503 2235 902 2314 praedictorum
938 2256 954 2309 ;
1032 2238 1211 2295 tutius
1276 2244 1364 2296 est

162 2318 392 2374 missam
435 2316 739 2391 incoeptam
779 2314 1062 2386 deserere,
1104 2325 1163 2374 et
1201 2317 1360 2374 abso-

161 2394 438 2453 lutionem
505 2403 701 2471 petere
730 2415 746 2467 ;
815 2394 925 2451 nisi
991 2393 1127 2454 inde
1190 2413 1363 2474 grave

162 2470 486 2533 scandalum
514 2470 748 2529 oriatur.

125 2605 126 2610 ,
240 2550 395 2609 Item
415 2548 463 2606 si
491 2568 681 2606 musca
700 2548 790 2608 vel
815 2569 1023 2609 aranea
1042 2549 1132 2609 vel
1150 2549 1363 2626 aliquid

162 2628 364 2687 talium
389 2635 524 2684 ante
545 2629 1019 2687 consecrationem
1047 2629 1107 2685 in
1133 2627 1362 2687 calicem

163 2703 448 2777 ceciderit,
460 2702 550 2762 vel
566 2704 739 2763 etiam
752 2726 1031 2766 venenum
1049 2707 1364 2765 immissum

163 2787 287 2844 fore
353 2782 800 2861 deprehenderit
836 2806 853 2858 3
924 2786 1119 2843 vinum
1190 2784 1365 2843 debet

162 2862 383 2923 effundi
425 2861 573 2937 quod
613 2872 699 2920 est
737 2863 798 2919 in
841 2862 1027 2935 calice,
1069 2871 1129 2922 et
1173 2862 1366 2922 abluto

164 2941 337 3000 calice
363 2938 518 2997 aliud
547 2939 740 2998 vinum
767 2961 892 2998 cum
933 2962 1078 3019 aqua
1115 2942 1253 3022 poni
1292 2942 1367 2999 ad

165 3018 627 3079 consecrandum.
711 3019 825 3077 Sed
845 3019 893 3077 si
912 3021 1137 3098 aliquod
1164 3019 1368 3078 horum

167 3105 301 3178 post
340 3095 817 3154 consecrationem
853 3099 1156 3171 acciderit3
1198 3099 1371 3158 debet

168 3195 365 3234 musca
409 3173 501 3232 vel
547 3194 756 3232 aranea
790 3175 879 3234 vel
918 3176 1131 3254 aliquid
1169 3176 1368 3235 talium

167 3262 333 3313 caute
364 3271 429 3310 ca
468 3252 506 3323 i,
536 3261 595 3311 et
633 3252 938 3332 diligenter
977 3257 1131 3314 iuter
1165 3255 1371 3334 digitos

166 3332 384 3412 pluries
449 3332 622 3403 avari,
650 3340 709 3390 et
736 3334 944 3393 vermis
976 3335 1269 3406 comburi3
1312 3345 1372 3393 et

167 3409 389 3470 ablutio
440 3428 568 3466 cum
621 3411 899 3470 cineribus
952 3413 1252 3471 combustis
1310 3414 1372 3471 in

170 3486 420 3549 sacrario
487 3489 700 3565 reponi.
809 3488 1112 3550 Venenum
1180 3499 1371 3550 autem

169 3565 333 3625 nullo
359 3565 527 3622 modo
554 3566 725 3625 debet
750 3569 896 3626 sumi
922 3590 939 3640 ;
988 3570 1085 3628 sed
1120 3588 1248 3628 cum
1284 3590 1376 3629 re-

168 3644 363 3722 liquiis
383 3644 557 3703 debet
582 3647 807 3723 sanguis
834 3646 963 3704 talis
982 3647 1072 3706 cui
1093 3667 1374 3717 venenum

172 3733 265 3783 est
305 3722 619 3780 immissum
659 3723 720 3779 in
749 3725 966 3783 vasculo
1005 3727 1216 3784 mundo
1243 3748 1375 3786 con-

170 3801 408 3860 servari.
491 3801 569 3860 Et
595 3821 670 3859 ne
710 3813 1118 3862 sacramentum
1149 3814 1377 3866 maneat

169 3877 592 3957 imperfectum,
614 3879 785 3939 debet
812 3880 1040 3941 calicem
1060 3885 1246 3943 denuo
1266 3885 1376 3943 rite

168 3976 522 4038 praeparare,
577 3967 637 4016 et
694 3978 982 4019 resumere
1044 3964 1375 4022 consecrati—

168 4055 349 4095 onem
394 4037 683 4113 sanguinis
734 4041 804 4096 ab
851 4038 959 4097 isto
1004 4039 1124 4098 loco
1177 4040 1381 4101 Simili

167 4113 343 4172 modo
372 4122 738 4191 posteaquam
778 4124 1053 4176 coenatum
1080 4126 1175 4176 est.
1254 4119 1282 4158 b
1303 4120 1380 4178 Et

170 4202 320 4251 nota
362 4192 516 4269 quod
562 4194 869 4252 secundum
918 4195 1194 4271 doctores,
1236 4198 1380 4256 nihil

171 4346 203 4374 ²
242 4351 356 4388 non
381 4334 543 4388 habet
571 4334 652 4390 15.

168 4407 200 4446 b
240 4423 352 4460 non
379 4405 544 4459 habet
571 4405 652 4460 15.

168 4488 195 4519 ⁰
237 4476 662 4534 omnium—94.
691 4475 776 4531 98.
803 4476 898 4533 4L.

1085 281 1439 331 OAU'PELAE
1474 283 1730 331 MISSAE.

2540 266 2668 332 654

1457 436 1836 499 abominabile
1854 437 2001 496 sumi
2015 437 2188 497 debet
2200 437 2482 496 occasione
2501 437 2671 516 hujus

1458 517 1851 576 sacramenti.b

1562 596 1716 654 Item
1768 596 1813 652 si
1869 593 2129 653 sacerdos
2185 613 2299 652 non
2354 592 2553 652 recolit
2606 614 2668 654 se

1460 674 1675 733 dixisse
1729 672 1955 750 aliquod
2018 672 2224 729 horum
2278 690 2406 748 quae
2471 673 2668 734 debuit

1460 752 1669 823 dicere,
1692 771 1809 809 non
1837 752 2009 809 debet
2029 758 2220 810 mente
2248 752 2468 809 turbari
2490 771 2506 823 3
2550 771 2666 809 non

1460 832 1614 889 enim
1656 829 1752 907 qui
1792 827 1972 887 multa
1996 828 2133 887 dicit
2173 848 2398 906 semper
2421 836 2442 861 ⁰
2469 829 2669 888 recolit

1462 929 1592 987 quae
1620 908 1790 965 dixit.
1891 906 2104 979 Etiam,
2133 908 2179 965 si
2221 907 2328 965 sibi
2368 926 2473 984 pro
2512 916 2669 966 certo

1464 995 1687 1045 constat
1726 984 1877 1063 quod
1912 984 2098 1062 aliqua
2124 984 2379 1044 omiserit
2403 1008 2419 1059 ;
2460 986 2508 1044 si
2534 985 2671 1044 talia

1466 1084 1583 1123 non
1633 1074 1768 1122 sunt
1812 1063 1886 1121 de
1933 1063 2263 1123 necessitate
2312 1065 2668 1135 sacramenti,

1466 1143 1613 1201 sicut
1656 1149 1789 1200 sunt
1831 1142 2078 1201 Secretae
2126 1141 2216 1200 vel
2262 1141 2450 1218 aliqua
2496 1144 2671 1201 verba

1465 1220 1730 1292 Canonis,
1771 1218 1922 1277 ultra
1968 1221 2254 1299 procedat,
2304 1240 2407 1279 nec
2455 1220 2670 1299 aliquid

1469 1305 1738 1358 resumat.
1822 1298 1885 1358 si
1925 1306 2119 1356 tamen
2158 1298 2527 1377 probabiliter
2562 1299 2670 1357 sibi

1470 1384 1690 1435 constat
1727 1375 1877 1455 quod
1920 1376 2110 1438 omisit
2150 1376 2363 1454 aliquid
2403 1378 2553 1456 quod
2595 1378 2672 1436 sit

1468 1456 1540 1514 de
1578 1455 1908 1513 necessitate
1945 1456 2299 1526 sacramenti,
2326 1455 2471 1513 sicut
2493 1453 2674 1513 forma

1469 1535 1770 1592 verborum
1789 1551 1892 1611 per
1909 1552 2077 1610 quam
2094 1542 2470 1605 consecratur,
2484 1535 2674 1592 omnia

1471 1613 1646 1671 verba
1682 1611 2114 1670 consecrationis
2153 1631 2325 1689 super
2362 1631 2519 1670 suam
2552 1632 2674 1670 ma-

1471 1690 1676 1749 teriam
1735 1709 2022 1748 resumere
2072 1689 2294 1762 debet,‘²
2345 1690 2478 1768 quia
2542 1709 2671 1748 con·

1472 1766 1708 1827 secratio
1733 1765 1880 1826 facta
1918 1787 2034 1825 non
2062 1777 2244 1840 esset3
2286 1767 2436 1846 quod
2475 1776 2671 1828 tamen

1474 1866 1587 1905 non
1653 1853 1900 1923 oportet,
1965 1846 2013 1904 si
2078 1846 2461 1922 praetermissa
2526 1856 2675 1906 esset

1473 1924 1794 2002 conjunctio
1835 1923 1987 1981 enim
2028 1923 2118 1981 vel
2169 1924 2280 1981 alia
2326 1927 2497 1983 verba
2547 1945 2674 2003 quae

1473 2003 1804 2081 praecedunt
1856 2001 1945 2060 vel
2008 2012 2319 2079 sequuntur
2381 2001 2624 2061 formam
2655 2026 2672 2064 ε

1474 2100 1602 2159 quae
1632 2099 1745 2137 non
1774 2089 1909 2139 sunt
1935 2081 2006 2138 de
2034 2080 2204 2158 ipsius
2232 2082 2560 2140 substantia.

1554 2158 1614 2217 Si
1642 2166 1834 2218 autem
1861 2159 2117 2217 sacerdos
2147 2159 2436 2218 dubitaret
2470 2180 2544 2217 an
2571 2159 2672 2217 ali-

1514 2237 1626 2296 uod
1648 2239 1881 2296 verbum
1903 2238 2193 2314 pertinens
2212 2237 2285 2294 ad
2302 2237 2673 2297 substantiam

1501 2335 1676 2374 ormae
1708 2316 1984 2373 omisisset
2013 2315 2104 2374 vel
2145 2335 2296 2388 non3
2355 2316 2675 2375 nullatenus

1476 2396 1648 2453 debet
1687 2413 1911 2454 servare
1936 2392 2179 2454 formam
2219 2395 2672 2466 conditionalem,

1476 2472 1577 2532 sed
1605 2472 1727 2531 sine
1766 2472 2070 2532 temeraria
2102 2473 2409 2532 assertione
2433 2472 2673 2531 formam

1474 2559 1652 2609 totam
1682 2570 1851 2628 super
1877 2570 2036 2607 suam
2063 2551 2352 2629 propriam
2374 2553 2671 2610 materiam

1474 2630 1647 2689 debet
1688 2648 1977 2687 resumere
2019 2647 2147 2686 cum
2191 2629 2295 2687 hac
2336 2630 2673 2702 intentione,

1476 2706 1630 2783 quod
1669 2706 1718 2765 si
1755 2707 2096 2765 consecratio
2138 2716 2283 2766 esset
2320 2706 2484 2780 facta,
2523 2708 2678 2767 nullo

1477 2784 1645 2842 modo
1672 2794 1697 2825 e
1717 2784 1980 2843 voluisset
2018 2804 2366 2844 consecrasse
2391 2807 2407 2858 ;
2430 2795 2454 2825 e
2493 2787 2594 2845 sed
2628 2787 2676 2846 si

1478 2864 1825 2921 consecratio
1890 2882 2007 2921 non
2074 2872 2223 2922 esset
2287 2862 2451 2936 facta,
2506 2864 2678 2925 vellet

1478 2961 1574 3000 cor
1617 2958 1680 2998 us
1709 2948 1767 3000 et
1793 2941 2120 3019 sanguinem
2150 2961 2490 3002 consecrare.

1598 3028 1736 3091 tem,
1752 3020 1801 3078 si
1821 3021 1945 3097 quis
1964 3029 2224 3098 tempore
2244 3022 2678 3080 consecrationis

1480 3100 1553 3156 ab
1579 3097 1784 3155 actuali
1808 3097 2126 3157 intentione
2154 3107 2214 3157 et
2240 3098 2537 3159 devotione
2563 3101 2680 3159 dis-

1481 3184 1695 3235 tractus
1732 3173 1925 3247 fuerit,
1964 3175 2329 3235 nihilominus
2375 3189 2678 3251 consecrat,

1482 3254 1787 3313 dummodo
1838 3253 2083 3312 intentio
2149 3253 2447 3314 habitualis
2499 3258 2560 3315 in
2614 3277 2682 3317 eo

1481 3332 1853 3403 remanserit;
1896 3351 2119 3391 summo
2144 3336 2447 3408 sacerdote,
2473 3336 2685 3395 scilicet

1482 3410 1728 3481 Christo,
1756 3408 2054 3489 supplente
2081 3411 2201 3489 ejus
2227 3411 2564 3472 defectum.‹1

1584 3489 1645 3548 Si
1698 3497 1889 3547 autem
1950 3509 2054 3566 per
2106 3491 2342 3548 nimiam
2400 3492 2684 3551 distracti-

1486 3587 1652 3626 onem
1697 3565 1996 3625 habitualis
2038 3568 2283 3628 intentio
2321 3590 2448 3628 cum
2483 3572 2687 3630 actuali

1486 3644 1801 3717 tolleretur,
1824 3645 2047 3703 videtur
2073 3646 2222 3724 quod
2248 3647 2485 3707 deberet
2511 3653 2685 3708 verba

1488 3724 1921 3782 consecrationis
1955 3744 2083 3783 cum
2124 3724 2328 3783 actuali
2368 3727 2684 3788 intentione

1490 3820 1796 3873 resumere,
1824 3802 1902 3861 sic
1942 3810 2132 3862 tamen
2211 3804 2322 3861 uod
2350 3805 2528 3865 nollet
2553 3827 2687 3866 con-

1490 3899 1710 3939 secrare
1737 3880 1784 3937 si
1810 3882 2150 3940 consecratio
2197 3890 2323 3941 acta
2348 3892 2511 3944 esset.

1571 3958 1743 4028 Item,
1780 3959 1827 4016 si
1869 3959 2055 4018 hostia
2092 3971 2413 4022 consecrata
2452 3971 2687 4042 propter

1493 4035 1670 4114 frigus
1685 4035 1777 4095 vel
1792 4035 1902 4096 alia
1916 4037 1989 4096 de
2006 4058 2171 4098 causa
2186 4038 2395 4098 labitur
2410 4043 2686 4102 sacerdoti

1493 4114 1553 4170 in
1572 4112 1822 4186 calicem,
1843 4116 1960 4175 sive
1979 4124 2112 4175 ante
2131 4117 2464 4178 divisionem
2485 4120 2686 4180 hostiae

1494 4192 1608 4251 sive
1635 4201 1791 4271 post;
1832 4213 1944 4252 non
1972 4195 2143 4255 debet
2167 4216 2292 4255 eam
2321 4197 2393 4258 de
2420 4200 2690 4278 sanguine

1495 4347 1523 4384 ‘¹
1561 4364 1669 4401 non
1695 4347 1860 4402 habet
1885 4348 1969 4403 15.

1493 4427 1518 4455 Θ
1554 4418 1634 4473 ita
1656 4418 1741 4472 26.
1769 4417 1858 4473 &a
1911 4419 2077 4475 vellet
2098 4427 2621 4483 consecrare—551³.
