2975 5009
172 222 296 290 317

173 393 308 464 tina,
349 400 410 452 et
490 393 607 450 uasi
638 413 731 452 ros
771 414 941 453 mane
973 394 1373 472 pertransiens.

178 472 418 549 Propter
515 490 581 530 oo
619 470 805 529 dolavi
851 472 911 528 in
966 472 1277 550 prophetis,
1320 482 1381 531 et

174 549 344 607 occidi
365 568 460 608 eos
487 549 549 605 in
577 550 761 608 verbis
787 550 900 607 oris
926 550 1059 620 mei,
1087 559 1147 609 et
1165 551 1381 628 judicia

178 647 299 686 mea
346 627 508 704 quasi
566 626 669 685 lux
736 628 1122 706 egredientur.
1230 628 1382 696 Quia

179 705 612 764 misericordiam
630 705 797 777 volui,
819 714 879 764 et
895 726 1009 762 non
1027 706 1380 776 sacrificium,

179 791 235 842 et
267 784 564 842 scientiam
607 783 718 842 Dei
757 783 1053 862 plusquam
1094 782 1382 843 holocaus-

180 870 314 918 tum.

253 937 471 998 Chorus
523 938 851 997 alternatim
902 938 1059 997 dicat
1114 940 1384 998 Tractum

179 1025 496 1094 sequentem.

257 1096 547 1152 Tractuw

248 1171 494 1239 Domine,
551 1169 736 1225 audivi
785 1170 1036 1225 auditum
1096 1177 1270 1239 tuum,
1308 1176 1388 1228 dt

182 1240 338 1295 timui
360 1261 372 1294 :
398 1241 730 1295 consideravi
754 1259 913 1312 opera
935 1248 1034 1296 tua
1055 1248 1110 1296 et
1132 1240 1339 1312 expavi.

192 1311 248 1365 V.
320 1310 393 1364 In
438 1311 614 1366 medio
652 1310 910 1365 bduumb
945 1312 1263 1366 animalium
1303 1312 1386 1365 in·

183 1381 492 1436 notesceris:
531 1382 660 1434 dum
687 1382 1234 1453 appropinquaverint
1256 1381 1391 1435 anni

185 1452 523 1575 gognosceris,
541 1453 670 1505 dum
693 1453 969 1506 advenerit
988 1458 1199 1524 tempus
1216 1458 1390 1507 osten-

221 1539 335 1577 eris.

198 1594 252 1647 V.
323 1592 486 1656 Imeo
508 1592 640 1645 dum
670 1593 988 1647 conturbata
1022 1592 1184 1646 fuerit
1207 1591 1392 1647 anima

188 1680 303 1717 mea
328 1683 341 1716 :
368 1664 430 1715 in
455 1662 539 1717 ira
561 1663 935 1717 misericordiae
959 1680 1163 1717 memor
1183 1663 1300 1716 eris,

197 1733 255 1787 V.
325 1734 476 1787 Deus
509 1751 545 1787 a
578 1733 787 1787 Libano
810 1734 989 1787 veniet
1027 1753 1040 1787 ε
1077 1739 1132 1788 et
1165 1733 1395 1788 Sanctus

189 1803 252 1857 de
273 1810 464 1858 monte
486 1804 737 1857 umbroso
759 1809 816 1858 et
837 1804 1115 1858 condenso.

202 1874 258 1927 V.
346 1874 576 1944 Operuit
616 1873 776 1927 coelos
820 1874 1073 1943 majestas
1119 1873 1238 1943 ejus
1273 1893 1286 1927 ε
1340 1878 1398 1928 et

193 1943 362 1999 laudis
380 1944 503 2014 ejus
525 1943 688 2015 plena
710 1949 791 1997 est
813 1949 968 1998 terra.

263 2015 552 2092 Sequatur
590 2015 789 2073 Oratio
827 2016 947 2072 sine
988 2013 1269 2072 Dominus
1302 2034 1399 2071 vo·

193 2094 424 2165 hiscum,
468 2092 565 2150 sed
610 2101 832 2150 tantum
878 2113 1005 2150 cum
1048 2093 1294 2152 Oremus
1347 2100 1398 2150 et

197 2171 513 2231 Flectamus
538 2191 741 2249 genua.
821 2170 1055 2230 Levate.

270 2248 496 2308 OratiO.

269 2328 450 2399 Deae,
473 2347 508 2384 a
527 2346 638 2403 quo
655 2334 715 2385 et
733 2324 776 2384 J
778 2325 916 2384 udas
938 2327 1192 2403 proditor
1212 2333 1400 2384 reatus

198 2406 278 2464 sui
320 2425 552 2484 poenam
602 2413 661 2463 et
699 2403 1055 2463 confessionis
1101 2425 1216 2463 suae
1252 2402 1400 2462 latro

199 2485 499 2561 praemium
528 2483 801 2561 sumpsit3
832 2483 1071 2541 concede
1101 2482 1258 2540 nobis
1284 2490 1401 2541 tuae

198 2561 616 2640 propitiationis
663 2560 967 2631 effectum;
1034 2568 1099 2618 ut
1151 2561 1295 2618 sicut
1340 2561 1400 2617 in

199 2641 456 2718 passione
496 2659 596 2696 sua
632 2638 799 2697 Jesus
837 2639 1098 2699 Christus
1129 2640 1403 2697 Dominus

202 2727 392 2777 noster
409 2717 631 2775 diversa
645 2716 898 2793 utrisque
917 2716 1109 2775 intulit
1124 2717 1407 2795 stipendia

204 2796 572 2855 meritorum:
599 2795 684 2852 ita
709 2796 870 2852 nobis
898 2795 1085 2852 ablato
1115 2794 1406 2853 vetustatis

204 2894 419 2945 errore,
486 2873 910 2931 resurrectionIs
975 2893 1092 2931 suae
1165 2873 1406 2950 gratiam

203 2951 287 3009 lar
328 2952 498 3010 iatur.
584 2950 699 3018 Qui
727 2961 916 3009 tecum
944 2951 1083 3009 vivit
1109 2958 1168 3008 et
1190 2958 1406 3029 regnat.

330 3028 675 3086 abdiaconus
694 3028 837 3104 leyat
856 3030 1000 3087 hanc
1024 3028 1305 3086 lectionem
1334 3026 1411 3084 ad

204 3108 453 3183 yradum
479 3106 636 3163 chori
660 3106 779 3164 sine
808 3107 990 3177 titulo,
1017 3106 1115 3164 hoc
1144 3106 1322 3164 mode.

273 3183 483 3243 ⁰Dixit
501 3183 781 3242 Dominus
797 3185 868 3242 ad
884 3185 1127 3261 Moysen
1145 3192 1202 3242 et
1219 3185 1414 3242 Aaron

209 3263 268 3320 in
316 3273 476 3321 terra
520 3261 799 3341 AEgypti;
847 3263 1066 3320 Mensis
1111 3262 1219 3320 iste
1263 3261 1415 3319 vobis

210 3340 554 3420 principium
590 3341 902 3399 mensium:
947 3340 1161 3417 primus
1199 3339 1308 3398 erit
1353 3340 1413 3396 in

211 3420 502 3478 mensibus
521 3419 674 3476 anni.
757 3418 1081 3495 Loquimini
1098 3417 1168 3474 ad
1191 3417 1418 3476 univer-

212 3518 338 3555 sum
374 3504 583 3554 coetum
625 3495 874 3554 filiorum
914 3494 1111 3568 Israel,
1152 3504 1211 3554 et
1250 3495 1418 3554 dicite

215 3576 326 3634 eis:
380 3574 619 3632 Decima
658 3574 752 3632 die
794 3574 1000 3633 mensis
1045 3572 1213 3650 hujus
1258 3572 1421 3632 tollat

214 3652 598 3730 unusquisque
724 3671 858 3710 num
912 3672 1018 3730 per
1071 3651 1305 3709 familias
1358 3671 1421 3708 ac

213 3731 414 3789 domos
467 3750 611 3788 suas.
737 3729 796 3787 in
849 3738 1039 3787 autem
1094 3731 1280 3786 minor
1335 3738 1421 3787 est

215 3828 488 3867 numerus
525 3816 590 3866 ut
616 3806 873 3866 sufficere
899 3809 1072 3885 possit
1098 3809 1169 3865 ad
1198 3827 1423 3866 vescen-

218 3888 358 3945 dum
403 3906 637 3965 agnum,
683 3893 930 3943 assumat
970 3885 1215 3943 vicinum
1262 3905 1422 3942 suum

219 3965 319 4042 qui
366 3961 395 3999 ‘¹
411 3965 639 4042 junctus
661 3965 690 4004 ἅ
724 3972 811 4021 est
849 3964 1041 4021 domui
1084 3964 1223 4042 ejuS,
1256 3964 1428 4042 juxta

222 4062 528 4100 numerum
594 4042 911 4100 animarum
978 4062 1104 4119 quoe
1172 4041 1427 4101 sufficere

220 4197 250 4227 ⁸
289 4188 555 4244 Abachuc
578 4205 690 4258 cap.
719 4187 795 4242 iii.
824 4189 893 4241 A.
924 4188 996 4259 (2.
1027 4187 1121 4257 3¹0

222 4259 252 4298 b
289 4258 701 4314 duorum—92.
725 4258 811 4313 94.
838 4258 923 4312 98.
949 4257 1159 4323 41..,57.
1199 4260 1360 4316 Grad.

226 4340 252 4369 ο
290 4329 458 4383 Exod.
484 4346 600 4401 cap.
627 4328 720 4382 xii.
747 4329 817 4382 A.
846 4329 916 4400 (v.
945 4329 1127 4401 1-11.)

228 4400 259 4439 <¹
297 4399 795 4471 conjunctus—13.
828 4400 910 4453 15.
937 4400 1023 4454 26.

765 237 989 287 FERIA
1038 239 1272 287 81³2wa
1321 240 1399 288 IN
1447 240 1573 288 Dm
1623 239 2100 289 PARASGEVES.

2574 227 2702 289 318

1498 396 1716 473 possint
1768 396 1842 452 ad
1894 414 2051 454 esum
2104 394 2254 473 agni.
2364 395 2497 454 Erit
2549 395 2702 454 enim

1497 493 1677 550 agnus
1716 475 1924 549 absque
1957 472 2190 544 macula,
2229 472 2501 530 masculus
2541 475 2702 529 anni-

1498 550 1689 608 culus:
1729 551 1899 628 juxta
1943 570 2111 628 quem
2158 551 2333 608 ritum
2378 549 2590 609 tolletis
2643 561 2704 610 et

1500 629 1750 687 hoedum.
1831 628 1911 686 Et
1936 629 2230 686 servabitis
2267 648 2395 686 eum
2424 647 2487 685 us
2527 649 2596 687 ue
2629 628 2703 686 ad

1501 714 1762 783 quartam
1784 706 2059 764 decimam
2087 707 2235 764 diem
2266 706 2475 764 mensis
2544 706 2701 784 ujus:

1501 783 1925 860 immolabitque
1954 805 2084 842 eum
2113 784 2375 842 universa
2400 782 2705 842 multitudo

1503 862 1752 920 filiorum
1773 861 1954 920 Israel
1971 863 2045 919 ad
2063 881 2376 939 vesperum.
2436 860 2705 921 Sument-

1503 959 1611 1016 que
1652 940 1727 998 de
1773 941 2045 1018 sanguine
2087 940 2292 1018 eAgni
2316 954 2341 983 Θ
2383 959 2450 998 ao
2490 949 2707 1018 ponent

1503 1037 1674 1097 super
1712 1026 2015 1095 utrumque
2055 1026 2293 1095 postem,
2336 1026 2395 1077 et
2425 1018 2485 1075 in
2511 1037 2705 1096 super-

1504 1094 1859 1153 liminaribus
1885 1096 2182 1154 domorum
2212 1096 2271 1151 in
2299 1098 2498 1173 quibus
2524 1116 2708 1154 eome-

1503 1174 1645 1232 dent
1698 1172 1875 1231 illum.
1956 1174 2036 1233 Et
2089 1175 2260 1232 edent
2305 1194 2501 1233 carnes
2543 1182 2708 1233 nocte

1505 1250 1603 1308 illa
1640 1270 1790 1310 assas
1830 1251 1969 1330 igni,
2007 1260 2066 1310 et
2104 1271 2333 1329 azymos
2368 1271 2541 1330 panes
2579 1271 2706 1309 cum

1505 1328 1732 1388 lactucis
1782 1349 1817 1386 a
1857 1330 2113 1387 restibus.
2214 1329 2349 1387 Non
2403 1329 2709 1389 comedetis

1507 1428 1582 1465 ex
1610 1427 1677 1466 eo
1704 1350 1941 1465 ονιιὲυιιι
1981 1407 2137 1485 quid,
2165 1427 2268 1465 nec
2300 1416 2520 1466 coctum
2546 1427 2708 1485 aqua,

1507 1485 1605 1543 sed
1658 1505 1844 1542 assum
1896 1493 2122 1543 tantum
2165 1484 2322 1562 igni:
2372 1494 2542 1563 caput
2581 1505 2708 1542 cum

1550 1561 1746 1621 edibus
1801 1562 1921 1641 ejus
1975 1571 2035 1621 et
2087 1563 2371 1621 intestinis
2424 1563 2709 1620 vorabitis.

1509 1583 1588 1699 Ξῖ
1616 1660 1674 1698 os
1701 1641 1821 1717 ejus
1862 1660 1975 1697 non
2004 1639 2372 1718 confringetis
2397 1660 2503 1700 nec
2526 1660 2711 1699 rema-

1511 1719 1671 1777 nebit
1719 1738 1792 1776 ex
1839 1737 1906 1775 eo
1946 1717 2249 1795 quidquam
2297 1737 2472 1794 usque
2520 1738 2712 1777 mane:

1511 1798 1560 1855 si
1599 1796 1735 1873 quid
1776 1795 2062 1854 residuum
2103 1796 2294 1866 fuerit,
2333 1795 2462 1874 igne
2488 1798 2715 1853 combu-

1513 1876 1670 1933 retis·
1774 1875 1868 1934 Sic
1920 1882 2110 1931 autem
2161 1874 2463 1932 comedetis
2515 1872 2710 1933 illum:

1516 1953 1708 2011 Renes
1760 1960 1973 2010 vestros
2028 1951 2346 2029 accingetiS,
2401 1960 2460 2010 et
2510 1950 2715 2009 calcea-

1513 2039 1708 2089 menta
1746 2029 2026 2089 habebitis
2066 2029 2126 2085 in
2171 2030 2424 2107 pedibuS‚
2455 2038 2719 2088 tenentes

1516 2107 1737 2168 baculos
1764 2109 1824 2164 in
1854 2108 2130 2178 manibuS,
2158 2115 2217 2165 et
2236 2108 2539 2166 comedetis
2564 2107 2717 2165 festi·

1518 2194 1757 2245 nanter:
1786 2194 1872 2245 est
1892 2185 2042 2245 enim
2063 2185 2246 2244 Phase
2262 2186 2320 2242 id
2342 2194 2430 2245 est
2448 2187 2722 2244 transitus

1520 2264 1773 2322 Domini.

1603 2342 1819 2400 Chorus
1866 2340 2192 2399 alternatim
2235 2340 2392 2398 dicat
2451 2340 2724 2400 Tractwm

1520 2428 1842 2497 sequentem.

1597 2498 1876 2555 Tractus!

1589 2574 1750 2645 Eripe
1775 2592 1874 2641 me,
1902 2572 2145 2642 Domine,
2181 2573 2251 2627 ab
2286 2572 2505 2628 homine
2539 2574 2683 2628 malo
2710 2593 2722 2626 ε

1519 2662 1554 2697 a
1578 2645 1692 2698 viro
1716 2644 1903 2713 iniquo
1935 2641 2103 2696 libera
2127 2660 2227 2696 mc.

1532 2714 1593 2768 V.
1668 2714 1772 2777 Qui
1797 2713 2166 2782 cogitaverunt
2191 2711 2425 2766 malitias
2449 2712 2508 2767 in
2534 2713 2688 2767 corde
2713 2732 2724 2766 z

1523 2790 1638 2837 tota
1660 2784 1748 2836 die
1771 2781 2168 2836 constituebant
2191 2782 2393 2851 praelia.

1536 2854 1596 2908 V.
1670 2853 1959 2906 Acuerunt
1991 2851 2234 2921 linguam
2272 2868 2421 2905 suam
2450 2851 2590 2906 sieut
2622 2869 2727 2905 ser-

1525 2928 1714 2995 pentes
1752 2943 1763 2976 :
1802 2937 2072 2978 venenum
2131 2920 2377 2992 aspidum
2425 2923 2526 2976 sub
2573 2922 2732 2976 labiis

1528 3011 1725 3049 eorum.

1541 3065 1599 3117 V.
1674 3061 1893 3117 Custodi
1910 3078 2010 3129 me,
2029 3058 2273 3129 Domine,
2290 3060 2357 3114 de
2371 3077 2539 3115 manu
2552 3078 2731 3133 pecca·

1530 3133 1661 3188 toris
1686 3154 1698 3187 :
1724 3140 1779 3188 et
1801 3134 1871 3187 ab
1893 3130 2203 3185 hominibus
2220 3130 2421 3199 iniquis
2437 3131 2605 3185 libera
2629 3148 2730 3186 me.

1542 3205 1602 3259 V.
1665 3204 1769 3268 Qui
1788 3203 2155 3273 cogitaverunt
2168 3200 2515 3271 supplantare
2527 3211 2735 3271 gressus

1535 3291 1716 3328 meos:
1778 3272 2174 3328 absconderunt
2220 3272 2434 3342 superbi
2482 3271 2732 3341 laqueum

1534 3343 1685 3397 mihi.

1546 3415 1607 3468 V.
1681 3413 1753 3467 Et
1788 3412 1946 3466 funes
1980 3410 2341 3465 extenderunt
2380 3408 2438 3462 in
2482 3410 2735 3480 laqueum

1535 3485 1760 3556 pedibus
1777 3483 1910 3536 meis
1934 3501 1945 3535 ε
1959 3482 2124 3553 juxta
2136 3481 2240 3535 iter
2257 3480 2567 3535 scandalum
2583 3498 2737 3553 posu·

1538 3561 1698 3609 erunt
1722 3553 1871 3606 mihi.

1549 3625 1610 3679 V.
1686 3624 1812 3677 Dixi
1860 3620 2122 3687 Domin03
2174 3620 2317 3674 Deus
2353 3638 2505 3674 meus
2545 3637 2602 3675 es
2636 3626 2737 3675 tu:

1538 3695 1748 3762 exaudi,
1777 3693 2018 3760 Domine,
2045 3707 2223 3745 vocem
2250 3690 2507 3745 orationis
2529 3708 2680 3745 meae.

1552 3767 1611 3819 V.
1705 3763 1945 3831 Domine,
2011 3760 2255 3829 Domine,
2324 3760 2497 3815 virtus
2552 3760 2744 3816 salutis

1541 3852 1676 3891 mese
1703 3844 1759 3888 :ss
1781 3833 2110 3891 obumbrasti
2133 3841 2161 3880 8
2177 3836 2341 3904 caput
2374 3848 2555 3886 meum
2578 3831 2639 3885 in
2657 3831 2745 3885 die

1557 3977 1617 4031 V.
1691 3974 1776 4029 Ne
1800 3973 1981 4029 tradas
2017 3989 2103 4027 me
2125 3989 2161 4027 a
2183 3970 2440 4027 desiderio
2474 3988 2595 4027 meo
2629 3989 2744 4043 pec·

1550 4196 1575 4295 ἶ
1611 4203 1728 4310 33¹⁶
1726 4183 1963 4309 {2⁹13ss
1966 4183 2108 4322 {ix}
2120 4252 2239 4305 1-9.
2269 4252 2379 4319 13.)

1550 4337 1578 4376 s
1613 4322 2047 4383 obumbra—92.
2074 4322 2159 4379 94.
2187 4321 2272 4380 97.
2300 4321 2386 4378 98.
2424 4322 2585 4381 Grad.
