2975 5009
368 246 502 314 235

956 268 1321 318 munuca
1368 266 1644 327 QUINTA
1692 265 2312 326 QqunaensMAE.
2777 255 2866 318 236

979 512 1366 587 Dominica
1412 514 1498 585 in
1548 513 1888 586 Paaeionc
1937 512 2256 585 Domini.

440 693 545 752 Ad
568 694 832 754 Missam.
917 694 1227 772 Officium?

435 771 641 831 Judica
664 795 776 846 me,
806 777 992 835 Deus:
1041 785 1102 836 et
1140 776 1398 836 discerne
1432 797 1563 835 cau·

361 870 480 908 sam
521 872 707 911 meam
753 854 827 913 de
871 864 1045 933 gente
1084 873 1201 911 non
1234 864 1447 927 sancta,
1493 858 1567 915 ab

360 927 591 989 homine
646 930 839 1010 iniquo
889 941 950 992 et
995 931 1186 991 doloso
1236 932 1392 1012 eripe
1431 956 1565 995 me:

360 1008 493 1084 quia
546 1018 610 1067 tu
656 1030 717 1069 es
767 1013 920 1070 Deus
974 1031 1132 1071 meus
1177 1021 1238 1071 et
1291 1013 1570 1072 fortitudo

366 1106 511 1144 mea.

440 1164 762 1223 Psalmus)

434 1241 639 1295 Emitte
653 1243 823 1297 lucem
841 1249 991 1298 tuam
1010 1249 1067 1299 et
1085 1245 1361 1300 veritatem
1382 1252 1533 1301 tuam
1554 1268 1566 1301 ε

362 1310 480 1381 ipsa
527 1330 613 1367 me
659 1314 998 1368 deduxerunt
1033 1323 1090 1369 et
1122 1317 1465 1371 adduxeruut
1506 1319 1568 1371 in

361 1388 601 1437 montem
617 1392 866 1439 sanctum
890 1393 1048 1440 tuum
1062 1394 1120 1441 et
1141 1387 1201 1440 in
1220 1390 1569 1444 tabernacula

362 1460 474 1508 tua

442 1525 538 1583 Ab
562 1526 669 1584 hac
706 1527 801 1585 die
839 1548 1009 1605 usque
1048 1529 1129 1586 ad
1163 1530 1414 1602 Pascha,
1451 1552 1569 1588 non

362 1601 580 1660 dicitur
606 1604 806 1665 Gloria
844 1606 1003 1666 Patri
1030 1617 1160 1685 post
1200 1608 1461 1684 Officium
1487 1610 1569 1666 ad

363 1680 621 1740 Missam
664 1684 733 1742 de
783 1687 1125 1763 temporali.-
1174 1688 1296 1744 nisi
1344 1696 1569 1745 tantum

361 1759 431 1816 in
468 1761 563 1820 die
592 1761 776 1821 Goenae
813 1765 1040 1841 quando
1078 1765 1394 1844 Episcopus
1431 1767 1564 1824 ccle-

443 1917 664 1976 Oratio,

440 1996 795 2069 Quaesumus,
848 2000 1206 2089 omnipotens
1253 2000 1424 2073 DeuS,
1478 2000 1564 2059 fa-

360 2072 576 2132 miliam
614 2083 775 2134 tuam
809 2078 1085 2155 propitius
1124 2078 1358 2156 respice,
1396 2089 1463 2136 ut
1502 2089 1563 2138 te

357 2150 634 2230 largiente
688 2166 921 2231 regatur
970 2155 1033 2211 in
1084 2174 1336 2233 corpore,
1388 2166 1450 2217 et
1501 2171 1562 2217 te

354 2240 617 2291 servante
656 2233 1004 2291 custodiatur
1043 2232 1103 2290 in
1150 2244 1360 2294 mente.
1443 2236 1560 2295 Per

354 2308 687 2368 Dominum.

431 2386 541 2444 Ad
564 2387 872 2447 Hebraeos.⁰

432 2464 682 2538 Fratres,
709 2466 971 2526 Christus
1008 2468 1272 2529 assistens
1297 2472 1556 2548 pontifex

351 2542 672 2602 futurorum
719 2547 1015 2617 bonorum,
1067 2568 1173 2626 per
1212 2549 1453 2627 amplius
1496 2561 1556 2611 et

349 2622 650 2699 perfectius
707 2625 1131 2683 tabernaculum
1183 2647 1299 2685 non
1352 2649 1553 2688 manu-

347 2701 579 2773 factum,
619 2700 679 2759 id
707 2711 810 2775 est,
852 2723 968 2762 non
1009 2703 1175 2781 hujus
1220 2707 1552 2769 creationis:

348 2798 533 2856 neque
585 2800 690 2859 per
740 2783 1070 2860 sanguinem
1118 2783 1402 2844 hircorum
1452 2796 1554 2846 aut

346 2857 652 2917 vitulorum
705 2861 805 2919 sed
846 2882 949 2939 per
989 2865 1281 2941 proprium
1326 2867 1550 2943 sangui·

345 2956 500 3007 nem,
527 2938 783 2998 introivit
808 2938 984 2999 semel
1012 2941 1070 2998 in
1098 2951 1307 3014 sancta,
1328 2954 1550 3003 aeterna

343 3014 737 3094 redemptione
782 3019 1031 3078 inventa.
1113 3021 1177 3080 Si
1217 3022 1369 3079 enirn
1416 3043 1547 3080 san·

339 3093 466 3169 guis
505 3094 790 3154 hircorum
830 3106 934 3156 aut
971 3107 1262 3157 taurorum
1303 3109 1364 3159 et
1403 3101 1547 3161 cinis

342 3171 535 3231 vitulae
678 3196 833 3233 ersus
872 3177 1196 3254 inquinatos
1234 3180 1549 3240 sanctificat

339 3249 412 3306 ad
438 3272 606 3310 emun
681 3255 896 3313 tionem
924 3257 1108 3315 carnis
1131 3280 1145 3315 ε
1187 3267 1398 3333 quanto
1424 3278 1546 3316 ma-

336 3328 424 3404 gis
448 3331 674 3409 sanguis
707 3331 941 3402 Christi,
982 3335 1075 3411 qui
1117 3355 1222 3413 per
1261 3336 1538 3413 Spiritum

339 3406 606 3467 Sanctum
641 3413 1007 3487 semetipsum
1041 3411 1246 3471 obtulit
1271 3414 1543 3473 immacu-

337 3485 515 3544 latum
570 3488 714 3559 Deo,
769 3490 1100 3549 emundabit
1143 3493 1541 3552 conscientiam

338 3574 587 3623 nostram
614 3568 685 3624 ab
718 3566 981 3643 operibus
1017 3571 1272 3640 mortuis»,
1312 3572 1384 3629 ad
1422 3592 1538 3631 ser·

337 3642 603 3702 viendum
645 3644 771 3702 Deo
798 3644 1051 3705 viventi?
1149 3648 1230 3707 Et
1258 3650 1383 3707 ideo
1409 3651 1541 3708 novi

336 3724 666 3781 testamenti
721 3722 998 3781 mediator
1048 3734 1182 3785 est:
1237 3736 1302 3786 ut
1352 3738 1539 3788 morte

335 3799 739 3871 intercedente,
767 3800 829 3856 in
856 3802 1306 3881 redemptionem
1341 3825 1537 3865 earum

336 3879 885 3955 praevaricationum,
904 3899 1032 3957 quae
1054 3893 1220 3943 erant
1237 3885 1340 3942 sub
1361 3886 1537 3963 priori

336 3966 695 4028 testamento,
731 3959 1221 4035 repromissionem
1260 3963 1538 4054 accipiant

335 4035 432 4110 qui
458 4036 640 4094 vocati
665 4046 799 4094 sunt
839 4045 1071 4098 eeternae
1097 4039 1447 4112 hereditatis,
1475 4042 1535 4100 in

333 4113 564 4173 Christo
588 4113 632 4172 J
632 4134 729 4173 esu
758 4115 1004 4175 Domino
1031 4128 1241 4179 nostro.

334 4225 363 4254 ⁸
398 4215 485 4271 Ps.
514 4216 626 4271 xlii.
655 4217 811 4289 (xliii.
842 4218 888 4289 1,
916 4220 992 4291 2.)

333 4288 363 4324 b
396 4286 468 4341 ib.
497 4287 568 4359 (v.
597 4287 646 4341 3.

334 4369 359 4396 θ
393 4374 507 4428 cap.
533 4357 607 4414 ix.
687 4402 698 4414 .
727 4361 801 4430 (v.
833 4362 1047 4433 11-15.)

335 4428 363 4465 ‘¹
402 4428 487 4482 Pe.
515 4430 728 4484 cxxxix.
757 4431 942 4502 (cxliii.
971 4433 1021 4501 9,
1053 4435 1231 4505 10.—)

1760 693 2067 753 &added

1749 772 1911 844 Eripe
1928 790 2031 840 me,
2060 781 2084 810 e
2102 771 2376 842 Domine,0
2394 772 2461 827 de
2477 772 2725 830 inimicis
2744 775 2862 830 meis:

1677 842 1808 896 doce
1830 860 1919 897 me
1940 843 2113 898 facere
2135 843 2469 898 voluntatem
2497 851 2672 900 tuam.

1691 913 1753 967 V.
1824 912 2104 968 Liberator
2136 931 2302 983 meus,
2343 914 2588 974 Domine.
2629 917 2701 972 de
2731 917 2859 989 genti-

1679 984 1782 1037 bus
1821 984 2109 1054 iracundis,
2153 987 2225 1039 ab
2261 984 2674 1056 insurgentibus
2715 988 2770 1042 in
2801 1006 2861 1041 me

1680 1054 1945 1183 exabvtabis
1965 1073 2055 1163 me
2080 1075 2093 1109 z
2116 1071 2154 1109 a
2173 1055 2289 1111 viro
2311 1055 2503 1127 iniquo
2526 1057 2728 1130 eripies
2750 1076 2826 1113 me.

1751 1203 1906 1275 Soepe
1935 1209 2381 1277 expugnaverunt
2415 1221 2505 1259 me
2538 1224 2577 1260 a
2603 1206 2861 1277 juventute

1681 1292 1816 1329 mea.

1690 1346 1751 1399 V.
1825 1343 1984 1399 Dicat
2015 1362 2164 1399 nunc
2197 1343 2366 1400 Israel
2394 1366 2406 1398 :
2441 1345 2599 1418 Saepe
2623 1366 2861 1422 expugna·

1679 1422 1876 1469 verunt
1897 1433 1985 1469 me
2007 1433 2043 1469 a
2056 1415 2350 1486 juventute
2374 1434 2509 1472 mea.

1689 1486 1751 1540 V.
1823 1485 2042 1539 Etenim
2065 1503 2176 1539 non
2200 1494 2493 1557 potuerunt
2526 1488 2670 1543 mihi
2699 1511 2713 1543 ε
2739 1508 2863 1563 supra

1676 1557 1896 1610 dorsum
1917 1573 2100 1609 meum
2122 1556 2518 1612 fabricaverunt
2540 1568 2835 1631 peccatores

1691 1629 1752 1681 V.
1841 1626 2304 1698 Prolongaverunt
2351 1628 2707 1699 iniquitatem
2750 1634 2860 1687 sibi:

1681 1697 1946 1752 Dominus
1972 1698 2157 1769 justus
2178 1698 2424 1754 concidet
2456 1700 2691 1757 cervices
2713 1722 2861 1777 pecca-

1680 1774 1876 1822 torum.

1744 1840 2156 1915 Emnyelium:
2184 1838 2504 1899 Secundum
2518 1842 2863 1903 Johannemss

1757 1919 1831 1975 In
1849 1918 1944 1976 illo
1960 1927 2235 1995 tempore,
2253 1918 2497 1979 Dicebat
2512 1921 2556 1979 J
2557 1943 2685 1981 esus
2708 1926 2861 1983 turbis

1677 1995 1722 2054 J
1721 1997 2014 2055 udaeorum
2043 2006 2102 2055 et
2121 1997 2468 2075 principibus
2487 2003 2830 2062 sacerdotum
2850 2026 2861 2068 ς

1675 2075 1815 2142 Quis
1840 2095 1915 2133 ex
1941 2075 2101 2133 vobis
2128 2086 2332 2154 arguet
2364 2097 2457 2136 me
2497 2078 2573 2137 de
2613 2084 2858 2158 peccato?

1675 2155 1738 2212 Si
1763 2155 2067 2212 veritatem
2105 2153 2249 2223 dico,
2290 2174 2465 2232 qnare
2490 2177 2591 2215 vos
2620 2178 2736 2217 non
2762 2181 2860 2218 cre·

1672 2231 1809 2289 ditis
1847 2230 2038 2291 mihi?
2137 2232 2250 2299 Qui
2291 2253 2367 2292 ex
2407 2234 2536 2293 Deo
2577 2245 2683 2309 est,
2714 2241 2860 2297 verba

1670 2309 1783 2368 Dei
1807 2310 1986 2367 audit.
2069 2309 2383 2389 Propterea
2398 2332 2498 2370 vos
2517 2334 2631 2372 non
2654 2318 2858 2389 auditis,

1666 2389 1801 2465 quia
1821 2408 1894 2446 ex
1917 2389 2042 2446 Deo
2061 2408 2175 2447 non
2197 2390 2351 2447 estis.
2435 2390 2857 2471 Responderunt

1667 2466 1844 2545 igitur
1867 2467 2080 2538 Judaei,
2120 2477 2182 2526 et
2218 2468 2494 2527 dixerunt
2530 2471 2622 2543 ei3
2669 2473 2859 2532 Nonne
2937 2543 2938 2554 χ

1668 2547 1814 2604 bene
1831 2546 2068 2604 dicimus
2096 2565 2216 2616 nos,
2243 2548 2377 2624 quia
2401 2546 2786 2611 Samaritanus
2810 2574 2857 2611 es
2937 2557 2938 2570 ¹

1665 2634 1732 2681 tu
1771 2634 1833 2682 et
1870 2624 2216 2682 daemonium
2247 2625 2461 2685 habes?
2557 2628 2858 2709 Respondit
2937 2681 2938 2702 ;

1665 2701 1835 2761 Jesus
1851 2724 1869 2774 ;
1925 2702 2050 2779 Ego
2094 2702 2438 2761 daemonium
2487 2725 2604 2764 non
2659 2708 2854 2769 habeo:

1664 2781 1764 2839 sed
1804 2780 2117 2839 honorifico
2155 2780 2390 2839 Patrem
2430 2803 2644 2858 meum,
2679 2798 2736 2849 et
2768 2808 2854 2848 vos

1661 2858 2043 2917 inhonorastis
2094 2879 2208 2918 me.
2317 2860 2442 2940 Ego
2506 2874 2699 2924 autem
2755 2888 2854 2925 non

1660 2956 1855 3014 quaero
1879 2935 2117 3016 gloriam
2147 2957 2335 2996 meam
2359 2960 2374 2997 ε
2415 2947 2503 2998 est
2527 2944 2624 3019 qui
2653 2957 2855 3022 quaerat

1659 3024 1719 3074 et
1735 3015 1973 3093 judicet.
2053 3016 2264 3089 Amen,
2305 3037 2495 3091 amen,
2522 3021 2652 3080 dico
2679 3025 2853 3084 vobis:

1658 3094 1706 3151 si
1758 3094 1884 3172 quis
1935 3114 2256 3153 sermonem
2312 3115 2506 3156 meum
2561 3104 2856 3163 servaverit

1655 3184 1897 3232 mortem
1916 3193 2028 3230 non
2051 3172 2267 3230 videbit
2282 3173 2343 3229 in
2365 3184 2667 3238 aeternum.
2718 3182 2855 3240 Dix-

1654 3260 1826 3310 erunt
1856 3271 1993 3330 ergo
2017 3250 2060 3308 J
2061 3250 2246 3322 udaei3
2294 3250 2467 3313 Nunc
2650 3260 2853 3319 ovimus

1654 3330 1788 3406 quia
1850 3330 2196 3387 daemonium
2264 3328 2457 3391 habes.
2568 3337 2852 3397 Abraham

1656 3417 1911 3466 mortuus
1936 3417 2022 3466 est
2061 3417 2122 3465 et
2156 3407 2483 3485 Prophetae,
2510 3423 2572 3473 et
2596 3422 2663 3475 tu
2689 3418 2853 3477 dicis:

1652 3483 1715 3542 Si
1763 3487 1891 3564 quis
1935 3505 2257 3545 sermonem
2302 3507 2493 3547 meum
2534 3497 2852 3567 servaverit,

1655 3579 1899 3624 mortem
1967 3585 2081 3622 non
2139 3564 2394 3642 gustabit
2445 3568 2508 3627 in
2560 3584 2851 3633 aeternum.

1652 3642 1946 3721 Numquid
1990 3653 2056 3701 tu
2102 3642 2286 3720 major
2339 3662 2400 3704 es
2452 3658 2617 3726 patre
2669 3662 2854 3712 nostro

1655 3721 1973 3792 Abraham,
2020 3721 2117 3798 qui
2163 3729 2423 3782 mortuus
2463 3732 2593 3789 est?
2639 3738 2697 3789 et
2723 3751 2851 3808 pro·

1650 3798 1842 3878 phetae
1870 3800 2080 3858 mortui
2120 3806 2274 3857 sunt.
2368 3802 2559 3871 Quem
2585 3817 2645 3867 te
2670 3809 2848 3887 ipsum

1649 3878 1830 3938 facis?
1909 3877 2229 3957 Respondit
2261 3876 2307 3936 J
2309 3901 2467 3954 esus;
2510 3885 2575 3945 si
2599 3908 2699 3966 ego
2724 3886 2847 3964 glo-

1649 3957 1809 4016 rifico
1836 3958 2136 4037 meipsum,
2160 3953 2344 4034 gloria
2381 3981 2511 4022 mea
2545 3965 2685 4024 nihil
2722 3975 2847 4024 cst:

1650 4044 1737 4093 est
1791 4037 1964 4095 Pater
2026 4054 2203 4105 meuS,
2256 4040 2352 4111 qui
2404 4039 2684 4120 glorificat
2729 4064 2847 4113 me,

1651 4134 1819 4192 quem
1850 4134 1944 4173 vos
1971 4114 2157 4172 dicitis
2183 4120 2317 4190 quia
2345 4120 2499 4179 Deus
2524 4131 2703 4182 vester
2737 4133 2847 4181 est.
2935 4153 2936 4156 ¹

1653 4239 1677 4266 e
1715 4247 1821 4283 non
1850 4231 2053 4285 habent
2079 4233 2162 4289 13.
2190 4237 2276 4291 26.

1650 4300 1670 4336 f
1705 4300 1788 4354 Pe.
1816 4301 2029 4356 cxxviii.
2058 4305 2255 4375 (cxxix.
2285 4308 2428 4381 1-4.)

1648 4381 1677 4417 s
1712 4390 1824 4443 cap.
1856 4373 1964 4427 viii.
1997 4374 2053 4426 F.
2082 4379 2153 4446 (v.
2180 4378 2402 4452 46-59.)
