2975 5009
298 237 428 303 287
505 252 729 301 mam
772 252 1060 311 quanm
1105 253 1279 305 rosv
1325 257 1750 310 nommoAM
1801 262 1876 312 m
1921 266 2144 316 anns
2193 267 2622 319 PALMARUM.
2695 258 2809 320 288

294 408 472 468 crucis
517 407 834 488 patibulum
888 410 1078 471 subire
1125 411 1383 473 voluisti:
1440 427 1506 477 ut

294 488 509 546 inimici
534 508 569 546 a
595 488 757 546 nobis
784 488 1100 567 expelleres
1126 500 1501 568 potestatem3

292 567 535 625 concede
579 567 741 625 nobis
785 565 1010 626 famulis
1049 569 1164 628 tuis
1203 578 1268 629 ut
1313 592 1501 631 resur·

291 645 557 704 rectionis
585 646 706 723 ejus
725 652 754 682 ⁸
767 646 1011 721 gratiam
1032 660 1060 691 ⁸
1073 667 1498 727 consequamur.

292 721 407 783 Per
434 724 676 782 eundem
704 722 1014 783 Dominum
1043 733 1320 787 nostrum.

369 801 490 860 Hic
515 802 786 859 dicuntur
810 803 1091 861 memoriae
1118 814 1399 865 consuetoe.

369 878 566 938 Lectio
591 880 787 937 E'saiae
814 880 1158 957 Prophetae.b

372 958 447 1015 In
486 959 682 1017 diebus
718 957 843 1029 illis,
888 959 1054 1020 Dixit
1102 961 1328 1034 Esaias3
1380 966 1498 1023 Do-

289 1038 462 1108 mine,
504 1037 628 1113 quis
668 1037 910 1095 credidit
929 1039 1145 1096 auditui
1172 1044 1406 1101 nostro?
1435 1054 1496 1102 et

286 1116 580 1174 brachium
617 1113 853 1173 Domini
893 1116 980 1174 cui
1007 1116 1318 1176 revelatum
1360 1124 1493 1182 est?

287 1192 367 1252 Et
393 1192 657 1252 ascendet
683 1194 825 1252 sicut
852 1194 1160 1272 virgultum
1189 1216 1377 1256 eoram
1407 1220 1490 1272 ee,

285 1282 346 1330 et
372 1272 514 1330 sicut
541 1272 706 1329 radix
732 1272 805 1331 de
832 1280 990 1331 terra
1007 1274 1257 1334 sitienti:
1288 1287 1348 1335 et
1374 1298 1489 1336 non

287 1359 379 1409 est
403 1349 615 1429 speeies
643 1350 696 1409 ei
722 1370 906 1428 neque
932 1353 1130 1412 decor:
1164 1361 1224 1412 et
1250 1355 1496 1415 vidimus

284 1447 416 1487 eum
444 1436 502 1488 et
530 1447 643 1486 non
670 1436 793 1486 erat
817 1438 1094 1509 aspectuS‚
1124 1440 1183 1490 et
1203 1432 1490 1493 desidera--

283 1506 466 1565 vimus
506 1527 638 1565 eum
676 1506 1002 1586 despectum
1038 1516 1098 1567 et
1123 1510 1489 1572 novissimum

283 1585 552 1657 virorum,
591 1586 776 1643 virum
815 1585 1074 1645 dolorum
1116 1596 1175 1647 et
1213 1590 1487 1650 scientem

281 1663 679 1723 infirmitatem
710 1686 725 1723 :
794 1672 854 1723 et
906 1666 1065 1743 quasi
1130 1669 1488 1728 absconditus

280 1740 468 1801 vultus
520 1743 640 1820 ejus
693 1750 752 1801 et
802 1743 1113 1821 despectuS,
1182 1747 1333 1805 unde
1385 1768 1490 1807 nec

279 1822 663 1898 reputavimus
723 1840 871 1879 eum.
983 1821 1140 1881 Vere
1192 1823 1487 1903 languores

280 1908 501 1957 nostros
540 1900 661 1979 ipse
707 1898 858 1973 tulit,
903 1907 963 1959 et
1008 1900 1229 1960 dolores
1266 1912 1488 1963 nostros

278 1977 401 2055 ipse
440 1979 726 2056 portavit:
769 1985 830 2037 et
868 1999 971 2038 nos
1010 1980 1327 2057 putavimus
1355 2003 1484 2041 eum

279 2058 436 2132 quasi
477 2055 778 2133 leprosum,
828 2064 887 2115 et
929 2077 1248 2136 percussum
1285 2080 1322 2117 a
1361 2060 1486 2120 Deo

279 2142 339 2191 et
365 2132 742 2193 humiliatum.
788 2134 923 2214 Ipse
947 2143 1136 2195 autem
1161 2136 1483 2198 vulneratus

278 2220 369 2272 est
394 2220 627 2292 propter
647 2213 728 2271 ini
770 2214 975 2273 uitates
995 2223 1231 2286 nostras,
1252 2217 1482 2276 attritus

278 2299 366 2350 est
401 2299 635 2369 propter
674 2233 883 2350 seglera
917 2300 1140 2350 nostra:
1189 2294 1484 2374 disciplina

277 2369 428 2448 pacis
456 2376 666 2428 nostrae
692 2389 861 2447 super
887 2391 1035 2442 eum,
1065 2381 1124 2430 et
1148 2370 1324 2431 livore
1359 2374 1481 2452 ejus

276 2449 458 2507 sanati
487 2468 694 2507 sumus.
795 2448 1010 2508 Omnes
1037 2469 1139 2507 nos
1165 2450 1323 2527 quasi
1349 2473 1479 2512 oves

276 2528 602 2598 erravimus,
643 2528 1018 2604 unusquisque
1045 2527 1105 2585 in
1132 2529 1280 2586 viam
1321 2550 1477 2589 suam

275 2604 612 2664 declinavit:
663 2613 722 2664 et
769 2605 1051 2664 Dominus
1093 2607 1278 2685 posuit
1314 2607 1372 2665 in
1413 2630 1480 2669 eo

275 2683 632 2761 iniquitatem
651 2684 902 2741 omnium
921 2693 1195 2743 nostrum.
1239 2685 1478 2747 Oblatus

277 2772 364 2822 est
390 2763 523 2839 quia
548 2762 666 2840 ipse
693 2760 884 2832 voluit,
914 2772 973 2822 et
1000 2783 1113 2821 non
1153 2766 1378 2842 aperuit
1417 2786 1477 2825 os

275 2862 438 2901 suum
463 2863 477 2901 :
531 2841 676 2900 sicut
701 2839 818 2899 ovis
844 2841 916 2898 ad
954 2841 1283 2901 occisionem
1310 2845 1476 2903 duce·

274 2931 390 2993 tur,
418 2929 478 2978 et
502 2920 659 2997 quasi
684 2939 860 2999 agnus
885 2939 1073 2978 coram
1106 2922 1378 2982 tondente
1417 2943 1478 2982 se

273 3001 635 3070 obmutescet,
657 3007 717 3057 et
737 3018 850 3056 non
870 2999 1087 3076 aperiet
1107 3019 1166 3057 os
1186 3020 1328 3058 sum.
1390 3002 1478 3061 De

273 3077 536 3156 angustia
570 3085 629 3136 et
669 3078 741 3136 de
768 3077 981 3155 judicio
1007 3076 1324 3136 sublevatus
1351 3088 1473 3139 est:

270 3156 693 3236 generationem
716 3157 834 3234 ejus
855 3155 979 3234 quis
995 3156 1323 3217 enarrabit?
1346 3160 1478 3235 quia

271 3236 548 3294 abscissus
568 3245 653 3293 est
673 3236 744 3293 de
760 3243 917 3293 terra
939 3234 1243 3292 viventium
1264 3257 1277 3294 ε
1308 3257 1478 3316 prop-

270 3323 363 3373 ter
408 3314 585 3372 scelus
631 3312 823 3391 populi
868 3313 983 3370 mei
1071 3313 1276 3371 ercussi
1323 3335 1470 3374 eum.

269 3392 349 3452 Et
367 3393 525 3452 dabit
546 3391 747 3469 impios
764 3410 869 3468 pro
888 3412 1021 3469 sepu
1051 3401 1192 3460 tura,
1213 3399 1272 3449 et
1292 3404 1317 3434 ⁰
1332 3392 1475 3450 divi-

270 3480 389 3531 tem
407 3483 431 3512 0
460 3490 563 3549 pro
583 3478 767 3528 morte
789 3489 923 3528 sua:
959 3489 1026 3527 eo
1041 3469 1191 3545 quod
1207 3469 1471 3547 iniquita-

270 3561 386 3611 tem
417 3571 529 3608 non
558 3548 783 3618 fecerit,
814 3567 994 3625 neque
1023 3546 1181 3603 dolus
1212 3546 1383 3606 fuerit
1411 3552 1468 3608 in

268 3651 365 3689 ore
392 3629 527 3706 ejus.
594 3626 674 3685 Et
691 3626 966 3683 Dominus
987 3623 1163 3683 voluit
1178 3634 1469 3687 conterere

269 3729 399 3768 eum
447 3708 507 3764 in
555 3704 891 3763 infirmitate
915 3723 925 3759 :
975 3702 1019 3760 si
1076 3704 1325 3780 posuerit
1366 3726 1469 3783 pro

309 3794 494 3845 eccato
520 3784 767 3841 animam
809 3801 984 3850 suam,
1023 3780 1234 3839 videbit
1273 3802 1466 3841 semen

287 3884 601 3943 ongaevum‚
621 3869 680 3919 et
700 3860 951 3919 voluntas
974 3858 1200 3916 Domini
1220 3859 1278 3916 in
1298 3881 1468 3920 manu

266 3945 386 4023 ejus
410 3943 707 4019 dirigetur.
791 3938 906 3996 Pro
946 3956 1012 3996 eo
1051 3938 1201 4015 quod
1228 3939 1468 4000 tradidit

264 4023 324 4080 in
387 4030 630 4079 mortem
696 4016 942 4075 animam
993 4034 1169 4088 suam,
1226 4027 1286 4075 et
1339 4038 1464 4076 cum

263 4098 546 4160 sceleratis
579 4103 871 4173 reputatus
911 4102 1033 4155 est:
1078 4104 1138 4155 et
1175 4095 1294 4174 ipse
1337 4117 1467 4174 pec·

263 4188 389 4238 cata
415 4175 719 4235 multorum
747 4172 897 4244 tulit,
927 4181 986 4233 et
1018 4193 1122 4252 pro
1151 4182 1466 4254 transgres-

261 4360 290 4390 ⁸
324 4347 725 4424 gloriam—94.

262 4423 290 4465 b
326 4439 437 4493 cap.
464 4420 561 4474 liii.
592 4421 659 4474 A.
689 4421 760 4493 (v.
791 4418 945 4475 1-10.
976 4420 1090 4491 12.)

258 4503 284 4532 ⁰
320 4490 686 4548 divites-13.
716 4489 798 4545 15.
825 4489 910 4546 26.

1618 421 1839 480 soribus
1864 426 2104 502 rogavit,
2134 434 2200 483 ut
2227 444 2341 482 non
2384 428 2663 505 perirent,
2695 430 2817 489 dicit

1618 497 1899 558 Dominus
1927 505 2300 582 omnipotens.

1700 576 1919 637 Chorus
1966 581 2293 640 alternatim
2330 582 2490 641 dicat
2539 582 2811 656 Tradunt,

1614 654 1701 712 ita
1738 657 1887 733 quod
1927 658 2067 718 dum
2113 660 2310 719 Versus
2345 662 2597 732 canitur,
2635 665 2811 721 chorus

1613 753 1679 790 ex
1704 734 1812 793 illa
1829 745 1998 812 parte
2023 749 2173 796 stare
2213 747 2426 796 tenetur
2442 762 2467 811 ;
2504 741 2633 799 alia
2670 751 2811 818 parte

1611 812 1769 870 chori
1793 813 2025 874 interim
2048 817 2276 875 sedente.
2372 816 2460 875 Et
2484 818 2570 877 sic
2586 841 2810 897 percan-

1612 897 1756 948 tetur
1798 900 1940 950 totus
1989 894 2227 953 Tractus
2267 916 2305 953 a
2344 896 2528 969 chore,
2572 900 2810 974 quando·

1609 988 1824 1045 cunque
1888 972 2106 1030 dicitur
2160 973 2397 1032 Tractus
2450 996 2490 1032 a
2544 977 2708 1034 choro
2754 977 2809 1033 in

1608 1047 1791 1105 stallis
1819 1070 1857 1107 a
1888 1048 2312 1128 Septuayesima
2348 1074 2521 1130 usque
2559 1055 2642 1112 ad
2676 1053 2807 1112 Pas-

1608 1125 1712 1182 cha

1697 1202 1988 1264 Tractus-‚⁴¹

1678 1280 1921 1351 Domine,
1958 1283 2153 1337 exaudi
2189 1284 2483 1340 orationem
2521 1304 2698 1342 meam
2727 1294 2807 1341 :et

1604 1350 1805 1406 clamor
1828 1372 1978 1407 meus
2000 1355 2071 1408 ad
2095 1361 2148 1409 te
2173 1355 2369 1411 veniat.

1617 1422 1676 1476 V.
1751 1422 1835 1476 Ne
1870 1431 2079 1479 avertas
2114 1425 2305 1480 faciem
2342 1433 2495 1480 tuam
2531 1445 2569 1481 a
2604 1445 2726 1483 me:
2751 1429 2802 1482 in

1603 1508 1924 1563 quacunque
1961 1495 2049 1549 die
2085 1496 2327 1567 tribulor,
2365 1496 2578 1552 inclina
2618 1500 2689 1553 ad
2728 1517 2804 1554 me

1600 1580 1787 1617 aurem
1810 1570 1978 1619 tuam.

1614 1633 1674 1687 V.
1747 1634 1819 1687 In
1866 1652 2186 1706 quacunque
2232 1637 2320 1692 die
2360 1636 2680 1695 invocavero
2718 1647 2801 1695 te:

1601 1704 1849 1759 velociter
1871 1706 2065 1760 exaudi
2090 1725 2191 1762 me.

1614 1774 1673 1829 V.
1753 1776 1894 1840 Quia
1928 1778 2234 1831 defecerunt
2281 1777 2419 1833 sicut
2466 1779 2654 1833 fumus
2699 1780 2804 1834 dies

1600 1845 1707 1899 mei
1726 1864 1738 1898 ε
1759 1852 1814 1901 et
1829 1863 1949 1902 ossa
1962 1865 2082 1903 mea
2098 1848 2238 1903 sicut
2254 1848 2311 1902 in
2327 1849 2547 1904 frixorio
2571 1850 2802 1905 eonfrixa

1599 1922 1745 1971 sunt.

1613 1985 1670 2041 V.
1747 1987 2032 2043 Percussus
2054 2005 2174 2042 sum
2195 1989 2334 2044 sicut
2351 1990 2564 2044 soenum
2587 1997 2644 2046 et
2666 1991 2802 2046 aruit

1597 2073 1687 2111 cor
1708 2075 1890 2112 meum
1919 2079 1931 2113 :
1957 2059 2086 2129 quia
2121 2060 2319 2115 oblitus
2342 2079 2463 2114 sum
2482 2064 2800 2117 manducare

1669 2146 1790 2183 nem
1816 2146 2014 2184 meum.

1655 2240 1667 2251 .
1742 2199 1823 2252 Tu
1859 2217 2162 2271 exsurgens,
2191 2200 2431 2270 Domine,
2472 2201 2800 2258 misereberis

1594 2267 1724 2323 Sion
1751 2290 1762 2323 :
1801 2271 1930 2339 quia
1954 2272 2103 2326 venit
2127 2278 2339 2342 tempus
2361 2275 2652 2328 miserendi
2674 2275 2797 2345 ejus.

1674 2340 1961 2419 Sequatur
1985 2343 2192 2401 Passio
2219 2344 2367 2402 hunc
2393 2346 2458 2402 in
2485 2346 2733 2418 modum,

1674 2440 1749 2478 m.
1807 2421 2081 2479 Dominus
2135 2423 2435 2481 vobiscum.
2545 2423 2627 2483 Et
2677 2445 2797 2482 cum

1593 2498 1799 2576 spiritu
1825 2507 1944 2557 tuo.

1670 2577 1877 2635 Passio
1903 2577 2150 2635 Domini
2166 2579 2347 2636 nostri
2366 2578 2421 2637 J
2413 2600 2509 2638 esu
2541 2578 2759 2639 Christi
2781 2604 2798 2637 .·

1594 2652 1911 2712 Secwndum
1937 2656 2205 2713 mame

1672 2732 1746 2789 In
1802 2733 1897 2791 illo
1949 2745 2224 2813 tempore,
2282 2734 2796 2814 Appropinquabat

1587 2819 1777 2870 antem
1805 2813 1924 2870 dies
1949 2811 2124 2871 festus
2147 2814 2521 2889 Azymorum,
2544 2815 2644 2892 qui
2662 2815 2795 2873 dici-

1588 2897 1685 2948 tur
1732 2888 1976 2948 Pascha:
2032 2900 2092 2949 et
2133 2894 2465 2968 quaerebant
2511 2893 2795 2972 principes

1588 2968 1942 3027 sacerdotum
1962 2976 2022 3027 et
2041 2970 2255 3040 scribae,
2278 2972 2559 3048 quomodo
2585 2971 2631 3029 J
2632 2992 2787 3030 esum

1588 3045 2014 3106 interficerent:
2053 3048 2337 3107 timebant
2374 3068 2510 3107 vero
2550 3048 2789 3128 plebem.

1591 3123 1838 3183 Intravit
1864 3133 2054 3184 autem
2082 3123 2316 3185 Satanas
2343 3127 2401 3184 in
2429 3126 2473 3185 J
2473 3129 2670 3199 udam,
2697 3129 2790 3206 qui

1585 3205 2084 3280 cognominabatur
2136 3203 2413 3275 Scarioth,
2472 3227 2655 3264 unum
2719 3209 2790 3266 de

1583 3280 1897 3339 duodecim.
1979 3281 2059 3340 Et
2073 3284 2229 3354 abiit,
2253 3292 2312 3341 et
2327 3283 2541 3342 locutus
2558 3293 2647 3343 est
2664 3305 2786 3343 cum

1584 3359 1930 3438 principibus
1970 3362 2319 3419 sacerdotum
2353 3371 2411 3419 et
2444 3364 2789 3442 magistrati-

1583 3438 1702 3509 bus,
1731 3438 2202 3516 quemadmodum
2230 3439 2390 3498 illum
2411 3442 2671 3500 traderet
2692 3443 2786 3500 eis·

1581 3514 1660 3573 Et
1686 3515 1858 3595 gavisi
1885 3527 2034 3588 sunt,
2062 3526 2121 3575 et
2148 3519 2296 3596 pacti
2325 3527 2457 3576 sunt
2490 3521 2787 3597 pecuniam

1582 3591 1663 3650 illi
1685 3596 1836 3653 dare.
1906 3595 1984 3654 Et
2011 3597 2331 3674 spopondit.
2400 3596 2478 3655 Et
2538 3601 2789 3657 uaerebat

1581 3673 2060 3750 opportunitatem
2088 3685 2153 3731 ut
2184 3674 2438 3733 traderet
2473 3674 2518 3732 il
2541 3697 2642 3734 um
2670 3678 2789 3734 sine

1579 3752 1778 3809 turbis.
1864 3751 2045 3810 Venit
2059 3759 2250 3811 autem
2267 3753 2386 3811 dies
2406 3752 2785 3830 Azymorum,

1578 3827 1639 3885 in
1661 3849 1771 3906 qua
1798 3850 2020 3889 necesse
2047 3838 2171 3889 erat
2198 3832 2373 3889 occidi
2401 3832 2627 3909 pascha.
2710 3832 2788 3893 Et

1579 3907 1734 3966 misit
1788 3908 2024 3967 Petrum
2070 3917 2130 3967 et
2168 3909 2211 3965 J
2215 3909 2516 3981 ohannem,
2553 3912 2784 3983 dicens;

1580 3985 1627 4041 b.
1682 3985 1901 4045 Euntes
1967 3995 2163 4066 parate
2229 3989 2388 4046 nobis
2441 3988 2667 4067 pascha,
2722 4000 2786 4048 ut

1579 4065 1994 4123 manducemus·
2092 4086 2167 4123 m.
2211 4066 2294 4125 At
2340 4064 2423 4123 illi
2474 4066 2782 4139 dixerunt;

1577 4161 1631 4199 a.
1664 4141 1784 4201 Ubi
1815 4144 1898 4201 vis
1923 4145 2230 4222 paremus?
2310 4165 2385 4201 m.
2416 4143 2496 4202 Et
2535 4145 2688 4204 dixit
2714 4146 2785 4204 ad

1576 4238 1668 4277 eos
1690 4242 1706 4291 3
1763 4222 1811 4278 b.
1843 4221 1987 4281 Ecce
2039 4223 2457 4281 introeuntibus
2509 4224 2668 4283 vobis
2723 4225 2783 4282 in

1574 4417 1602 4456 α
1639 4418 1725 4474 1³2.
1752 4419 1946 4501 01.(911.
1977 4419 2095 4476 1-4.
2125 4420 2236 4492 13.)

1574 4498 1598 4527 0
1633 4506 1748 4561 cap.
1773 4506 1901 4543 xxu.
