2975 5009
340 204 469 273 271

339 379 680 438 vestimenta
732 376 873 456 ejus,
926 385 1145 436 sortem
1214 378 1513 437 mittentes
1542 401 1557 438 :

338 465 404 515 ut
450 456 788 536 impleretur
840 456 994 532 quod
1049 454 1268 513 dictum
1310 466 1399 515 est
1450 477 1557 535 per

338 535 688 613 Prophetam
716 534 1005 593 dicentem
1031 556 1045 593 :
1089 533 1423 593 Diviserunt
1447 536 1556 593 sibi

337 617 679 673 vestimenta
700 633 846 684 mea,
864 620 924 671 et
939 631 1001 669 su
1048 632 1110 671 er
1128 621 1345 671 vestem
1367 633 1554 672 meam

337 690 618 752 miserunt
645 700 878 751 sortem.
1021 700 1046 749 t
1071 690 1338 750 sedentes
1364 712 1555 750 serva-

336 772 474 829 bant
491 790 638 829 eum.
694 769 775 828 Et
792 770 1183 847 imposuerunt
1199 789 1367 848 super
1383 785 1553 848 caput

336 848 459 908 e‘us
491 869 715 908 causam
757 848 930 925 ipsius
963 846 1266 925 scriptam:
1319 847 1433 906 Hic
1463 857 1554 908 est

383 948 508 986 esus
528 941 557 970 ⁸
585 927 716 985 Rex
745 926 1102 985 Judaeorum.
1186 926 1344 984 Tunc
1370 928 1552 984 cruci-

337 1005 443 1064 fixi
470 1014 603 1065 sunt
628 1026 754 1063 cum
783 1023 852 1063 eo
891 1005 1003 1061 duo
1031 1002 1279 1062 latrones
1302 1025 1316 1064 :
1346 1025 1490 1062 unus
1516 1027 1552 1063 a

335 1086 556 1144 dextris
597 1094 656 1142 et
690 1103 834 1140 unus
872 1102 909 1139 a
953 1082 1215 1141 sinistris
1299 1081 1551 1142 Praeter-

337 1175 537 1223 euntes
557 1170 748 1220 autem
772 1159 1236 1238 blasphemabant
1252 1180 1401 1232 eum,
1426 1181 1548 1219 mo-

337 1251 532 1301 ventes
558 1242 743 1319 capita
778 1260 878 1297 sua
905 1248 965 1296 et
990 1239 1278 1309 dicentes;
1320 1259 1377 1297 a.
1411 1239 1546 1298 Vah

377 1320 434 1378 ui
460 1319 704 1378 destruis
731 1316 1008 1396 templum
1038 1318 1164 1388 Dei,
1188 1329 1246 1376 et
1267 1318 1327 1374 in
1354 1318 1546 1376 triduo

338 1398 355 1455 i
381 1399 474 1456 lud
502 1397 842 1457 reaedificas:
890 1394 1042 1453 salva
1069 1396 1432 1475 temetipsum
1457 1416 1469 1453 :
1500 1398 1548 1455 si

338 1476 487 1535 filius
505 1476 616 1534 Dei
634 1496 710 1546 eS,
730 1475 1004 1533 descende
1021 1474 1093 1532 de
1110 1495 1292 1533 cruce.
1349 1495 1422 1531 m.
1455 1476 1545 1535 Si-

337 1555 624 1614 militeret
645 1553 923 1632 principes
934 1553 1283 1611 sacerdotum
1307 1552 1549 1611 illuden-

337 1643 422 1694 tes
434 1639 463 1677 b
483 1654 609 1692 cum
627 1632 820 1689 scribis
842 1640 902 1689 et
921 1631 1231 1689 senioribus
1246 1632 1511 1690 dicebant
1528 1653 1544 1704 ;

337 1733 392 1770 a.
418 1711 575 1770 Alios
592 1711 772 1769 salvos
789 1709 939 1780 fecit,
957 1710 1201 1788 seipsum
1225 1729 1339 1768 non
1360 1719 1546 1788 potest

336 1789 550 1849 salvum
578 1789 796 1847 facere:
838 1788 884 1845 si
923 1808 1029 1847 rex
1064 1786 1244 1846 lsrael
1276 1796 1381 1859 est,
1416 1787 1544 1847 des·

335 1869 541 1928 cendat
568 1888 717 1925 nunc
742 1868 814 1925 de
849 1887 1030 1937 cruce,
1059 1874 1119 1924 et
1145 1866 1426 1924 credimus
1453 1868 1541 1925 ei:

334 1947 571 2007 confidit
598 1947 656 2003 in
686 1946 846 2004 Deo:
892 1943 1097 2003 liberet
1136 1964 1266 2002 eum
1299 1964 1466 2017 nunc,
1496 1946 1543 2003 si

334 2025 457 2085 vult
480 2046 492 2083 ε
521 2025 672 2083 dixit
699 2024 850 2081 enim
873 2045 886 2081 :
916 2023 1064 2090 Quia
1084 2020 1231 2079 filius
1260 2022 1370 2079 Dei
1395 2043 1539 2081 sum.

334 2125 409 2162 m.
458 2104 529 2162 Id
569 2105 985 2181 ipsun1·autem
1029 2107 1089 2159 et
1135 2099 1403 2171 latrones,
1444 2104 1542 2178 qui

333 2182 590 2241 crucifixi
617 2189 780 2238 erant
806 2199 934 2236 cum
963 2197 1047 2249 ee,
1078 2177 1543 2257 improperabant

335 2260 406 2320 ei.
472 2260 529 2318 A
552 2268 715 2317 sexta
732 2271 922 2316 autem
944 2255 1085 2313 hora
1104 2258 1356 2316 tenebrae
1378 2258 1542 2316 factae

333 2346 468 2398 sunt
494 2353 519 2382 ο
539 2357 707 2415 super
733 2336 1049 2395 universam
1080 2347 1292 2394 terram
1315 2350 1339 2380 ⁰
1366 2356 1542 2413 usque

335 2417 394 2475 in
449 2415 648 2474 horam
703 2434 927 2471 nonam.
1009 2412 1090 2472 Et
1141 2413 1286 2471 circa
1339 2413 1539 2472 horam

334 2515 541 2553 nonam
595 2493 855 2552 clamavit
906 2491 950 2551 J
952 2511 1074 2551 esus
1128 2511 1261 2551 voce
1313 2513 1539 2571 magna,

332 2573 556 2644 dicens;
612 2573 660 2630 b.
695 2569 904 2648 Heloy,
945 2569 1154 2648 Heloy,
1196 2569 1345 2628 lama
1376 2573 1541 2629 zaba-

331 2650 491 2710 thani
515 2672 532 2722 3
586 2671 663 2708 m.
714 2649 819 2708 hoc
871 2658 990 2709 est:
1047 2650 1094 2707 b.
1147 2650 1302 2707 Deus
1358 2669 1538 2719 meus,

333 2729 491 2789 Deus
519 2750 695 2798 meus,
739 2737 803 2787 ut
841 2729 976 2807 quid
1015 2727 1363 2806 dereliquisti
1394 2731 1535 2788 me?

331 2829 409 2866 m.
464 2809 707 2877 Quidam
772 2817 966 2867 autem
1020 2805 1134 2865 illic
1196 2815 1411 2866 stantes
1475 2816 1538 2867 et

329 2888 640 2959 audientes,
682 2886 945 2945 dicebant
960 2907 977 2959 3
1020 2906 1074 2943 a.
1105 2884 1335 2945 Heliam
1376 2895 1537 2944 vocat

331 2965 456 3025 iste.
538 2987 614 3024 m.
647 2966 722 3024 Et
741 2965 1006 3024 continuo
1030 2984 1261 3023 currens
1289 2984 1432 3023 unus
1460 2984 1536 3023 ex

330 3044 428 3115 θὶς,
456 3054 739 3123 acceptam
777 3044 1067 3136 spongiam
1096 3041 1351 3121 implevit
1377 3052 1536 3101 aceto

331 3130 392 3181 et
408 3122 674 3202 imposuit
691 3123 975 3193 arundini,
995 3129 1053 3180 et
1068 3121 1237 3179 dabat
1254 3122 1304 3179 ei
1326 3122 1531 3180 bibere.

329 3200 538 3260 Caeteri
556 3202 986 3272 veredicebant3
1011 3220 1064 3256 a.
1077 3200 1232 3272 Sine,
1248 3199 1535 3258 videamus

328 3300 402 3337 an
420 3281 608 3339 veniet
623 3279 821 3339 Helias
838 3279 1082 3338 liberans
1100 3298 1245 3336 eum.
1270 3298 1344 3335 m.
1364 3278 1407 3337 J
1408 3298 1535 3337 esus

328 3368 519 3418 autem
567 3360 771 3417 iterum
822 3357 1067 3416 clamans
1123 3376 1254 3414 voce
1307 3376 1532 3436 magna,

329 3437 519 3496 emisit
544 3436 823 3515 spiritum.

428 3514 549 3573 Hic
588 3515 822 3573 inclinet
848 3535 902 3570 se
942 3513 1215 3570 diaconus
1255 3511 1340 3570 vel
1376 3533 1532 3589 pros·

329 3600 501 3651 temet
517 3613 702 3651 versus
717 3593 1000 3661 orientem,
1022 3598 1072 3648 et
1088 3590 1242 3648 dicat
1250 3591 1534 3668 privatim

331 3672 507 3731 Pater
528 3681 738 3743 noster,
782 3670 912 3728 Ave
934 3669 1140 3740 Maria,
1163 3677 1213 3726 et
1237 3669 1310 3727 In
1332 3690 1533 3729 manus

330 3757 469 3822 tuae,
540 3750 806 3820 Domine,
869 3748 1202 3806 commendo
1265 3748 1529 3827 spiritum

328 3849 517 3887 meum
542 3851 555 3888 :
610 3826 901 3887 redemisti
943 3846 1051 3896 me,
1097 3825 1339 3885 Domine
1378 3828 1532 3886 Deus

328 3907 632 3966 veritatiS.‘¹
713 3903 941 3962 ,Deinde
992 3911 1202 3980 saryat,
1251 3912 1301 3962 et
1341 3913 1531 3982 postea

327 3986 621 4042 residuum
647 3982 944 4041 Passionis
973 3982 1131 4058 leyat.
1148 3986 1177 4025 ‘¹

406 4085 480 4122 m.
494 4078 518 4107 θ
540 4064 616 4121 Et
634 4082 757 4119 ecce
779 4061 959 4119 velum
979 4061 1177 4140 templi
1195 4063 1424 4120 scissum
1443 4070 1530 4121 est

328 4142 388 4199 in
417 4142 554 4201 duas
586 4150 777 4220 partes
816 4161 851 4198 a
889 4160 1110 4199 summo
1149 4160 1323 4219 usque
1363 4142 1528 4200 deor-

325 4299 354 4329 *
389 4288 876 4344 Nannenus—92.
905 4289 989 4344 98.
1016 4288 1112 4343 4L.
1140 4289 1224 4344 57.

325 4362 354 4400 b
389 4360 613 4415 ‹at—92.
642 4360 710 4414 98
752 4359 848 4413 4L.
878 4361 960 4416 13.
988 4361 1288 4415 eum—57.

325 4441 351 4470 ⁶
389 4449 498 4484 non
522 4431 648 4486 haet
672 4432 758 4485 26.

999 219 1353 269 Domch
1392 221 1469 269 IN
1506 220 1733 270 RAMIS
1767 222 2187 272 PALMARUM.

2740 207 2847 277 272

1660 398 1786 437 sum
1816 400 1832 438 :
1887 387 1949 438 et
2001 387 2157 438 terra
2210 387 2365 438 mota
2414 387 2521 451 est,
2576 387 2640 440 et
2690 391 2845 459 petrae

1658 457 1843 516 scissae
1894 466 2045 517 sunt.
2140 458 2221 517 Et
2261 466 2637 516 monumenta
2672 470 2844 537 aperta

1655 547 1824 595 sunt:
1866 544 1928 595 et
1952 536 2135 595 multa
2158 556 2393 614 corpora
2417 545 2741 595 sanctorum
2764 539 2842 616 qui

1654 612 2026 687 dormierant,
2048 623 2438 674 surrexerunt.
2491 616 2575 673 Et
2594 629 2843 675 exeuntes

1652 691 1725 750 de
1779 694 2163 753 monumentis
2215 699 2344 772 pest
2389 695 2840 752 resurrectionem

1652 772 1792 848 ejus,
1850 779 2128 830 venerunt
2172 771 2236 828 in
2276 781 2529 830 sanctam
2579 773 2840 831 civitatem

1651 858 1711 907 et
1749 858 2134 928 apparuerunt
2174 847 2384 909 multiS.
2465 849 2741 910 Centurio
2761 871 2841 909 au·

1651 935 1770 985 tem
1798 939 1857 986 et
1882 928 1979 1005 qui
2020 948 2146 986 cum
2175 948 2242 987 eo
2268 937 2433 987 erant
2474 929 2839 989 custodientes

1648 1004 1692 1063 J
1693 1025 1869 1076 esum,
1898 1007 2013 1064 viso
2040 1015 2373 1065 terraemotu
2403 1014 2463 1065 et
2491 1006 2584 1064 his
2604 1027 2729 1085 quae
2757 1008 2838 1067 fie-

1650 1085 1805 1153 bant,
1816 1085 2134 1143 timuerunt
2150 1083 2619 1155 valde,dicentes;
2640 1106 2693 1143 a.
2707 1086 2839 1145 Vere

1650 1160 1830 1219 Filius
1863 1163 1971 1221 Dei
2002 1170 2126 1222 erat
2152 1163 2277 1221 iste.
2346 1184 2423 1219 m.
2454 1164 2646 1222 Erant
2671 1177 2838 1223 autem

1646 1240 1724 1298 ibi
1743 1239 2006 1299 mulieres
2027 1239 2222 1300 multae
2243 1240 2482 1320 alonge,
2502 1263 2636 1332 quae
2660 1254 2839 1302 secuta:

1646 1327 1812 1377 erant
1849 1319 2051 1378 Jesum
2091 1340 2128 1377 a
2168 1318 2424 1390 Galilaea,
2468 1322 2838 1381 ministrantes

1646 1398 1732 1455 ei:
1782 1397 1934 1455 inter
1960 1417 2097 1475 quas
2138 1408 2262 1456 erat
2289 1399 2482 1455 Maria
2516 1400 2839 1478 Magdalene

1645 1484 1705 1533 et
1742 1475 1935 1533 Maria
1973 1477 2016 1533 J
2017 1477 2171 1534 acobi
2213 1485 2273 1536 et
2310 1476 2352 1534 J
2355 1476 2531 1556 oseph
2579 1488 2757 1536 mater
2789 1487 2838 1538 et

1646 1562 1828 1612 mater
1857 1553 2104 1613 filiorum
2126 1554 2407 1613 Zebedaei.
2490 1554 2641 1614 Cum
2668 1565 2835 1616 autem

1644 1651 1771 1690 sero
1797 1631 2008 1690 factum
2039 1643 2205 1704 esset,
2233 1632 2389 1691 venit
2426 1634 2663 1710 quidam
2692 1634 2837 1693 homo

1643 1710 1801 1769 dives
1840 1712 1911 1767 ab
1954 1711 2301 1783 Arimathia,
2344 1711 2576 1770 nomine
2619 1713 2753 1773 Jose
2789 1713 2835 1784 h,

1642 1789 1738 1865 qui
1767 1797 1827 1847 et
1854 1789 1973 1868 ipse
1999 1790 2302 1869 discipulus
2329 1798 2456 1847 erat
2496 1790 2662 1849 Jesu.
2800 1793 2837 1849 'c
2935 1851 2936 1854 ,

1641 1867 1872 1925 accessit
1916 1869 1988 1925 ad
2032 1868 2280 1926 Pilatum
2330 1879 2388 1925 et
2433 1869 2609 1947 petiit
2655 1890 2837 1948 corpus

1642 1944 1685 2003 J
1686 1965 1801 2003 esu.
1844 1945 2004 2004 Tunc
2023 1944 2239 2005 Pilatus
2252 1947 2423 2024 jussit
2442 1946 2613 2004 reddi
2634 1969 2834 2027 corpus,

1642 2023 1722 2081 Et
1773 2031 2003 2102 accepto
2052 2044 2306 2103 corpore,
2353 2024 2397 2082 J
2399 2024 2575 2103 oseph
2621 2025 2837 2085 involvit

1641 2101 1781 2160 illud
1821 2103 1879 2159 in
1917 2103 2151 2163 sindone
2198 2103 2426 2160 munda.
2535 2103 2618 2162 Et
2672 2106 2837 2182 posuit

1640 2179 1778 2239 illud
1823 2181 1882 2237 in
1927 2190 2297 2240 monumento
2342 2200 2442 2239 suo
2490 2201 2656 2253 novo,
2704 2183 2833 2262 quod

1640 2259 1929 2317 exciderat
1948 2259 2007 2316 in
2029 2268 2208 2337 petra.
2279 2259 2356 2317 Et
2375 2259 2627 2321 advolvit
2646 2281 2827 2319 saxum

1640 2357 1908 2427 magnum
1962 2338 2033 2395 ad
2086 2338 2292 2396 ostium
2357 2340 2733 2413 monumenti,
2782 2351 2831 2397 et

1639 2417 1796 2473 abiit.
1881 2415 2066 2475 Erant
2097 2425 2284 2474 autem
2328 2415 2406 2473 ibi
2446 2416 2645 2476 Maria
2681 2419 2828 2496 Mag·

1637 2492 1839 2553 dalene
1861 2502 1921 2553 et
1939 2493 2120 2554 altera
2140 2494 2345 2565 Maria,
2365 2494 2631 2555 sedentes
2652 2506 2829 2556 contra

1636 2571 2018 2651 sepulchrum.

1716 2649 1777 2707 E
1779 2650 2039 2726 vanyelia
2092 2671 2218 2708 vero
2283 2650 2349 2708 in
2396 2651 2524 2727 fine
2594 2651 2827 2711 omnium

1637 2726 2000 2799 Passienum,
2042 2728 2216 2786 etiam
2242 2729 2309 2786 in
2348 2729 2442 2786 die
2486 2727 2828 2799 Pammenes,
2933 2747 2934 2794 ὲ

1634 2807 1756 2864 alta
1783 2828 1906 2865 voce
1940 2806 2212 2883 leyantur,
2254 2828 2406 2864 more
2445 2807 2695 2885 duplicis
2705 2808 2832 2886 sesti
2933 2851 2934 2892 ᾗ

1636 2884 1841 2944 Omnes
1910 2893 2096 2942 autem
2158 2883 2458 2943 Passiones
2514 2889 2832 2964 supradicto

1633 2964 1796 3022 modo
1816 2964 2073 3039 ἱερατείαν
2089 2963 2392 3021 secundum
2416 2985 2584 3023 usum
2608 2965 2831 3025 Sarum.

1636 3041 1851 3100 Tamen
1903 3042 1970 3099 in
2007 3041 2101 3099 die
2139 3042 2449 3100 Parasceve
2484 3063 2599 3101 non
2628 3044 2835 3102 dicitur

1635 3119 1912 3179 Dominus
1941 3121 2240 3192 vobiscum,
2274 3122 2463 3178 etsine
2495 3121 2662 3180 titulo
2697 3123 2832 3180 inci·

1626 3198 1831 3275 piatur
1867 3197 2295 3274 Evanyelium!

1714 3275 1921 3335 Altera
1971 3289 2162 3337 autem
2215 3276 2328 3347 die,
2395 3297 2521 3355 quse
2575 3287 2665 3337 est
2713 3287 2835 3358 post

1633 3354 1996 3427 Parasceven,
2032 3367 2419 3414 convenerunt
2443 3354 2623 3435 princi
2670 3378 2729 3417 es
2754 3377 2834 3416 sa·

1630 3434 1921 3492 cerdotum
1975 3442 2034 3493 et
2099 3433 2373 3494 Pharisaei
2431 3435 2504 3493 ad
2568 3434 2637 3492 Pi
2695 3444 2831 3506 tum,

1630 3511 1921 3585 dicentes;
1978 3513 2241 3582 Domine,
2295 3512 2574 3572 recordati
2627 3534 2829 3585 sumus,

1632 3590 1764 3666 quia
1790 3591 2047 3649 seductor
2082 3590 2176 3649 ille
2206 3590 2358 3648 dixit
2394 3591 2578 3650 adhuc
2604 3594 2828 3652 vivens:

1633 3669 1773 3728 Post
1811 3676 1930 3728 tres
1957 3670 2079 3729 dies
2113 3689 2424 3748 resurgam.
2504 3670 2550 3729 J
2552 3672 2662 3730 ube
2702 3691 2830 3750 ergo

1631 3747 1896 3806 custodiri
1942 3769 2003 3807 se
2044 3746 2301 3807 ulchrum
2349 3768 2525 3825 usque
2567 3751 2629 3806 in
2682 3750 2828 3808 diem
2931 3763 2932 3796 3

1630 3826 1892 3885 tertium:
1923 3768 2044 3885 neg

1630 3913 1690 3963 et
1715 3904 1976 3964 furentur
2003 3925 2154 3975 eum,
2182 3916 2242 3963 et
2266 3906 2459 3964 dicant
2478 3905 2632 3986 plebi
2656 3927 2667 3964 :
2696 3906 2826 3965 Sur-

1630 3983 1782 4041 rexit
1834 4003 1870 4041 a
1920 3983 2187 4042 mortuis:
2242 3992 2302 4041 et
2344 3984 2457 4042 erit
2498 3984 2828 4043 novissimus

1628 4081 1787 4120 error
1813 4062 1973 4141 pejor
2001 4062 2205 4140 priore.
2288 4060 2400 4120 Ait
2425 4061 2536 4120 illis
2580 4063 2824 4132 Pilatu83

1629 4139 1873 4199 Habetis
1893 4141 2237 4213 custodiam3
2266 4140 2363 4213 ite,
2393 4142 2673 4201 custodite
2691 4142 2833 4200 sicut

1627 4286 1656 4325 (ἱ
1681 4261 1803 4340 ἠοῐι
1828 4287 2031 4343 habent
2054 4287 2138 4341 92.
2168 4288 2252 4341 94.
2274 4286 2359 4343 97.
2387 4287 2472 4342 98.

1628 4367 1653 4394 ⁶
1690 4357 1874 4426 (Matt.
1899 4376 2011 4430 cap.
2039 4358 2202 4412 xxvii.
2229 4377 2277 4413 v.
2306 4358 2526 4430 50-61.)

1625 4427 1646 4464 ¹'
1682 4426 1861 4499 (Matt.
1889 4447 2001 4501 cap.
2028 4429 2196 4484 xxvii.
2221 4446 2269 4483 v.
2298 4428 2517 4501 62-66.)

2037 3837 2160 3885 orte
2176 3827 2409 3884 veniant
2432 3826 2693 3907 discipuli
2714 3828 2828 3907 ejus
2931 3875 2932 3884 ,
