2975 5009
307 238 434 300 115

312 409 392 466 ad
429 410 601 467 istam
640 406 954 466 clausulam
993 406 1256 465 Damasei
1296 425 1518 485 praepo-

314 489 472 557 situs,
495 496 545 545 et
574 488 790 563 leqatur
814 506 984 563 usque
1010 485 1088 543 ad
1101 486 1332 562 finem.⁸

397 567 504 624 Ad
525 565 894 625 Corinthios.b

397 645 646 715 FratreS‚
676 643 950 702 Libenter
975 640 1225 701 suffertis
1251 639 1525 731 insipien-

318 732 433 784 tes:
456 745 584 782 cum
602 723 724 781 sitis
739 723 847 801 ipsi
864 722 1161 799 sapientes,
1222 718 1527 779 Sustinetis

321 804 474 861 enim
502 803 547 861 si
578 802 703 880 quis
731 821 827 859 vos
852 800 913 857 in
942 799 1273 858 servitutem
1296 795 1527 875 redigit,

323 882 367 940 si
393 881 517 960 quis
555 882 809 949 devorat,
838 879 883 936 si
912 878 1035 956 quis
1062 877 1284 955 accipit,
1320 877 1368 935 si
1403 875 1529 954 quis

324 959 636 1029 extollitur,
665 957 711 1015 si
738 959 861 1035 quis
888 957 948 1014 in
977 954 1174 1014 faciem
1202 975 1299 1012 vos
1326 952 1512 1013 caedit.

327 1039 648 1099 Secundum
704 1035 1116 1114 ignobilitatem
1162 1033 1306 1105 dice,
1372 1031 1531 1109 quasi

328 1137 430 1176 nos
484 1114 701 1173 infirmi
754 1113 1024 1173 fuerimus
1077 1112 1139 1170 in
1191 1110 1296 1169 hae
1346 1118 1532 1188 parte.

327 1195 400 1254 In
428 1214 541 1273 quo
563 1193 688 1271 quis
713 1193 885 1250 audet
911 1192 996 1268 (in
1024 1190 1354 1268 insipientia
1380 1188 1534 1266 dieo)

328 1274 507 1332 audeo
546 1283 606 1329 et
644 1291 781 1349 ego:
824 1270 1065 1329 Hebraei
1104 1276 1253 1340 sunt,
1295 1276 1355 1326 et
1394 1287 1534 1402 εἷος

332 1350 610 1411 Israelitae
631 1358 781 1421 sunt,
805 1357 864 1408 et
884 1368 1017 1427 ego:
1047 1349 1256 1407 Semen
1278 1346 1442 1404 Abra
1484 1366 1536 1404 ae

330 1437 482 1503 sunt,
525 1436 584 1487 et
624 1448 761 1506 ego:
826 1427 1083 1485 Ministri
1126 1425 1343 1485 Christi
1382 1434 1537 1494 sunt,

331 1517 393 1568 et
433 1528 571 1588 ego:
624 1515 690 1566 ut
729 1506 916 1564 minus
957 1505 1180 1583 sapiens
1215 1504 1357 1574 dico,
1412 1502 1538 1581 plus

334 1608 473 1680 ego:
514 1589 574 1646 in
611 1583 893 1644 laboribus
937 1583 1216 1663 plurimis,
1257 1582 1318 1639 in
1354 1602 1541 1640 carce-

332 1669 488 1725 ribus
552 1664 951 1733 abundantiuS‚
1018 1663 1079 1719 in
1137 1660 1317 1741 plagis
1369 1679 1542 1739 supra

334 1745 586 1814 modum,
633 1743 694 1800 in
736 1742 1014 1801 mortibus
1053 1739 1400 1817 frequenter.
1482 1738 1541 1796 A

331 1823 551 1882 Judaeis
611 1822 906 1900 quinquies
962 1819 1368 1896 quadragenas,
1428 1836 1542 1875 una

336 1902 540 1973 minus,
569 1901 774 1978 accepi.
855 1898 970 1956 'I'er
999 1896 1170 1974 virgis
1191 1915 1366 1954 oaesus
1393 1915 1539 1966 sum,

335 1979 511 2040 semel
550 1978 828 2057 lapidatus
861 1997 1004 2045 sum,
1048 1983 1140 2033 ter
1184 1973 1540 2052 naufragium

335 2058 459 2129 feci,
502 2067 666 2115 nocte
691 2077 756 2114 ac
783 2055 876 2112 die
902 2055 962 2111 in
989 2051 1331 2131 profundum
1369 2052 1542 2110 maris

337 2137 436 2207 fui,
463 2137 524 2195 in
544 2135 842 2193 itineribus
869 2152 1039 2210 saepe,
1066 2130 1325 2209 periculis
1352 2129 1542 2187 flumi-

336 2236 494 2285 num,
536 2211 793 2291 periculis
822 2211 1124 2278 latronum,
1166 2208 1427 2286 periculis
1467 2227 1542 2267 ex

337 2312 565 2372 genere,
587 2290 847 2370 periculis
869 2308 941 2348 ex
961 2287 1260 2358 Gentibus,
1281 2286 1543 2422 perieulis

336 2373 397 2431 in
464 2371 708 2440 civitate,
776 2366 1035 2447 periculis
1100 2367 1161 2423 in
1219 2385 1280 2423 so
1303 2367 1541 2435 itudine,

378 2447 599 2509 ericulis
653 2447 711 2504 in
764 2447 927 2517 mari,
976 2442 1238 2523 perieulis
1285 2445 1345 2501 in
1389 2443 1543 2503 falsis

336 2470 642 2586 Fratribus:
695 2526 757 2583 in
800 2525 987 2583 labore
1041 2532 1099 2582 et
1152 2543 1426 2593 aerumna,
1482 2523 1542 2579 in

341 2606 545 2682 vigiliis
598 2603 811 2674 multis,
866 2603 924 2659 in
981 2602 1128 2661 fame
1195 2610 1255 2660 et
1308 2602 1425 2672 siti,
1480 2602 1542 2658 in

334 2684 566 2764 jejuniis
592 2681 803 2752 multis,
834 2681 893 2738 in
918 2680 1130 2758 frigore
1157 2688 1217 2739 et
1243 2680 1504 2738 nuditate
1526 2702 1542 2752 ;

341 2771 554 2855 praeter
606 2760 719 2832 illa,
777 2782 905 2840 quae
972 2760 1323 2818 extrinsecus
1390 2767 1544 2830 sunt,

340 2841 611 2900 instantia
657 2860 786 2898 mea
835 2839 1179 2917 quotidiana,
1234 2836 1549 2896 sollicitudo

341 2920 595 2979 omnium
626 2918 1023 2977 Ecclesiarum.
1109 2915 1252 2984 Quis
1287 2916 1546 2974 infirma-

342 3008 455 3069 tur,
478 3007 537 3058 et
558 3017 662 3075 ego
689 3018 802 3056 non
830 2996 1133 3054 infirmor?
1163 2995 1288 3073 quis
1314 2995 1545 3053 scanda-

341 3078 564 3149 lizatur,
593 3083 652 3135 et
677 3096 781 3154 ego
809 3095 923 3132 non
961 3076 1137 3134 uror?
1221 3073 1280 3132 Si
1307 3072 1545 3152 gloriari

343 3176 377 3214 o
417 3164 602 3214 ortet:
651 3175 778 3233 quae
819 3151 1171 3211 infirmitatis
1217 3172 1361 3211 mese
1395 3160 1546 3222 sunt,

341 3255 380 3314 g
403 3234 640 3292 oriabor.
743 3234 896 3290 Deus
963 3241 1023 3288 et
1090 3231 1264 3288 Pater
1316 3230 1547 3287 Domini

343 3314 520 3372 nostri
546 3311 589 3370 J
591 3331 688 3371 esu
719 3308 936 3369 Christi
961 3307 1082 3378 seit,
1112 3308 1207 3386 qui
1250 3315 1336 3367 est
1376 3310 1549 3366 bene-

342 3392 525 3451 dictus
563 3390 625 3447 in
666 3386 885 3457 saecula,
926 3387 1075 3464 quod
1124 3406 1235 3444 non
1277 3387 1544 3446 mentior.

343 3469 594 3528 Divisio.
679 3465 939 3523 Damasci
978 3465 1319 3544 praepositus
1358 3465 1548 3543 gentis

344 3546 587 3606 Arethae
603 3543 752 3623 regis
768 3543 1113 3602 custodiebat
1128 3543 1414 3601 civitatem
1435 3545 1546 3601 Da-

346 3643 758 3692 mascenorum,
786 3630 850 3680 ut
882 3642 974 3679 me
1006 3620 1547 3700 comprehenderet;

346 3717 407 3765 et
446 3724 549 3783 per
589 3702 897 3761 fenestram
940 3700 999 3756 in
1041 3708 1235 3777 sporta
1274 3700 1550 3758 demissus

344 3804 469 3843 sum
510 3800 614 3859 per
647 3798 893 3848 murum,
922 3786 982 3836 et
1020 3779 1099 3836 sic
1135 3777 1307 3857 effugi
1347 3798 1550 3837 manus

348 3863 487 3940 ejus·
549 3858 647 3918 “Si
666 3855 896 3935 gloriari
915 3865 1141 3933 oportet
1157 3856 1297 3932 (non
1319 3858 1555 3935 expedit

345 3939 576 4019 quidem
601 3935 644 4014 z)
671 3935 896 3994 veniam
922 3943 1111 3992 autem
1140 3936 1213 3993 ad
1230 3935 1469 3994 visiones
1499 3943 1559 3994 et

346 4016 718 4079 revelationes
763 4013 1018 4072 Domini.
1099 4014 1226 4074 Scio
1264 4014 1555 4072 hominem

347 4098 409 4156 in
451 4094 681 4156 Christo
722 4100 857 4150 ante
895 4111 1072 4150 annos
1111 4092 1554 4169 quatuordecim,

349 4275 377 4303 ⁸
415 4260 650 4317 Rubrioa
696 4258 888 4313 similis
936 4260 1223 4332 postposita
1275 4268 1357 4316 est
1404 4260 1556 4333 Epis·

351 4335 478 4391 tolae
502 4333 561 4386 in
587 4331 675 4386 94.
704 4330 786 4386 97.
815 4330 900 4384 26.
928 4332 1075 4385 deest
1097 4332 1156 4384 in
1183 4332 1267 4386 98.

350 4409 379 4448 b
414 4407 449 4459 2
473 4404 542 4458 ad
568 4402 681 4456 Cor.
709 4418 771 4456 oa
811 4444 820 4455 .
850 4402 920 4455 xi.
951 4402 1013 4456 D.
1043 4403 1112 4473 (v.
1145 4402 1359 4474 19-33.)

351 4490 375 4519 ο
411 4493 523 4547 cap.
551 4474 643 4529 xii.
673 4475 742 4545 (v.
807 4472 917 4545 -9.)

1054 248 1416 299 Domch
1465 249 1548 297 11(
1600 248 2080 300 SEXAGESIMA.

2728 235 2864 299 116

1631 406 1748 466 sive
1809 406 1869 465 in
1930 426 2165 486 corpore
2222 408 2341 466 sive
2395 414 2565 467 extra
2624 426 2860 487 eorpus,

1632 486 1838 557 nescio,
1873 485 2030 544 Deus
2077 486 2198 558 scit,
2245 493 2473 564 raptum
2521 486 2864 545 hu'usmodi

1633 584 1810 641 usque
1864 564 1935 622 ad
1990 565 2228 623 tertium
2274 563 2494 623 eoelum.
2664 575 2695 623 t
2748 565 2864 622 scio

1635 642 1961 720 hujusmodi
2000 642 2311 715 hominem,
2352 643 2471 701 sive
2517 642 2582 700 in
2614 662 2863 721 corpore

1635 720 1754 780 sive
1792 729 1960 780 extra
1997 741 2217 800 eorpus,
2261 721 2470 791 neseio,
2510 720 2677 780 Deus
2719 721 2863 780 scit:

1638 799 1901 877 quoniam
1928 808 2123 878 raptus
2159 808 2245 859 est
2283 799 2346 857 in
2382 798 2761 859 Paradisum:
2806 813 2868 858 et

1638 877 1853 936 audivit
1898 897 2101 937 areana
2150 880 2341 949 verba,
2387 896 2513 955 quae
2555 897 2682 935 non
2731 877 2871 936 lieet

1641 955 1860 1015 homini
1899 955 2070 1034 loqui.
2152 957 2267 1016 Pro
2313 955 2638 1035 hujusmodi
2687 955 2872 1034 glori-

1640 1036 1811 1094 abor:
1880 1054 1986 1113 pro
2039 1055 2130 1094 me
2187 1045 2378 1095 autem
2433 1033 2580 1092 nihil
2631 1035 2751 1093 nisi
2808 1036 2874 1093 in

1643 1112 2070 1172 infirmitatibus
2109 1114 2267 1173 meis.
2348 1112 2524 1185 Nam,
2568 1121 2630 1172 et
2674 1113 2728 1170 si
2770 1133 2879 1172 vo-

1643 1190 1803 1250 luero
1867 1190 2115 1271 gloriari,
2183 1212 2300 1250 non
2366 1213 2464 1251 ero
2528 1191 2826 1269 insipiens
2863 1216 2879 1251 :

1646 1270 1947 1328 veritatem
1976 1270 2129 1329 enim
2168 1271 2385 1329 dicam:
2432 1290 2603 1349 pareo
2640 1279 2882 1343 autem,

1648 1369 1720 1407 ne
1759 1349 1884 1426 quis
1924 1369 2016 1408 me
2056 1349 2345 1408 existimet
2383 1369 2556 1426 supra
2589 1348 2673 1419 id,
2715 1351 2888 1426 quod

1647 1427 1803 1485 videt
1828 1428 1887 1484 in
1917 1447 2027 1498 me,
2067 1435 2167 1485 aut
2204 1429 2364 1486 audit
2402 1427 2614 1503 aliquid
2641 1447 2729 1486 ex
2757 1449 2888 1489 me.

1649 1504 1728 1564 Et
1747 1525 1819 1564 ne
1840 1507 2173 1583 magnitudo
2194 1506 2599 1565 revelationum
2618 1506 2895 1567 extollat

1649 1604 1761 1655 me,
1814 1585 1981 1643 datus
2030 1592 2119 1643 est
2170 1584 2310 1641 mihi
2365 1582 2627 1642 stimulus
2676 1588 2895 1645 carnis

1651 1682 1815 1733 mese,
1858 1660 2090 1741 angelus
2134 1663 2379 1732 Satanae,
2420 1663 2518 1741 qui
2566 1682 2665 1721 me
2727 1664 2897 1723 cola-

1652 1739 1864 1818 phizet.
1964 1742 2211 1819 Propter
2236 1742 2384 1818 quod
2420 1750 2511 1799 ter
2542 1740 2896 1801 Dominum

1652 1838 1717 1876 ro
1790 1819 1844 1876 vi
1883 1826 1948 1877 ut
1987 1819 2301 1879 discederet
2341 1840 2375 1878 a
2416 1839 2541 1878 me:
2600 1828 2665 1878 et
2726 1821 2902 1881 dixit

1653 1898 1730 1954 mi
1775 1897 1827 1956 i:
1885 1898 2108 1957 Sufficit
2148 1898 2255 1956 tibi
2296 1898 2483 1977 gratia
2519 1918 2677 1970 mea,
2743 1920 2898 1959 nam

1651 1975 1831 2034 virtus
1882 1976 1943 2033 in
1984 1977 2320 2036 infirmitate
2366 1976 2690 2055 perficitur.
2786 1978 2900 2037 Li-

1653 2055 1858 2113 benter
1903 2055 2078 2146 igitur
2122 2052 2408 2147 gloriabor
2446 2057 2507 2112 in
2552 2053 2902 2117 infirmita-

1653 2132 1804 2190 tibus
1832 2153 1995 2206 meis,
2034 2142 2100 2192 ut
2138 2133 2419 2192 inhabitet
2456 2133 2519 2190 in
2560 2153 2661 2192 me
2695 2135 2903 2196 virtus

1657 2210 1889 2271 Christi.

1736 2288 2042 2347 &meldad

1724 2366 1911 2421 Sciant
1968 2372 2154 2437 gentes
2201 2366 2456 2437 quoniam
2506 2383 2721 2422 nomen
2791 2369 2906 2426 tibi

1654 2436 1851 2492 cneus:
1866 2447 1890 2475 e
1915 2443 1976 2491 tu
1996 2438 2140 2491 solus
2158 2437 2452 2492 altissimus
2469 2454 2631 2508 super
2652 2455 2904 2495 omnem

1652 2513 1866 2562 terram.

1666 2579 1725 2632 V.
1799 2578 1943 2632 Deus
1967 2596 2133 2646 meus,
2163 2596 2301 2649 pone
2326 2578 2449 2633 illos
2472 2583 2537 2631 ut
2562 2584 2762 2634 rotam
2789 2603 2804 2636 ε
2850 2591 2908 2637 et

1654 2649 1794 2703 sieut
1818 2649 2076 2721 stipulam
2101 2657 2231 2704 ante
2252 2650 2443 2704 faciem
2467 2649 2636 2703 venti.

1741 2721 2022 2778 Tractus!

1726 2798 2091 2868 Commovisti,
2130 2798 2374 2868 Domine,
2414 2804 2615 2852 terram
2656 2806 2728 2855 et
2767 2818 2908 2857 oon·

1657 2869 1888 2923 turbasti
1912 2886 2045 2923 eam.

1669 2939 1728 2993 V.
1803 2939 1947 2994 Sana
1970 2938 2317 2994 contritiones
2330 2938 2448 3010 ejus
2461 2938 2592 3008 quia
2608 2946 2783 2996 mota
2803 2951 2911 2999 est.

1670 3011 1729 3064 V.
1806 3010 1884 3064 Ut
1904 3010 2122 3081 fugiant
2144 3028 2179 3065 a
2200 3010 2334 3065 facie
2356 3027 2526 3079 arcus,
2552 3015 2618 3063 ut
2641 3010 2915 3070 liberen-

1659 3087 1751 3134 tur
1774 3080 1957 3135 dileoti
1981 3081 2078 3134 tui.

1738 3152 2061 3211 Secundum
2088 3152 2363 3210 Lucam.⁸

1737 3230 1811 3289 In
1840 3230 1936 3289 illo
1961 3239 2239 3310 tempore,
2263 3231 2407 3290 cum
2429 3231 2600 3288 turba
2624 3229 2924 3308 plurima

1657 3308 2002 3381 conveniret,
2052 3318 2110 3368 et
2156 3310 2229 3368 de
2281 3308 2601 3367 civitatibus
2672 3329 2922 3392 prope-

1660 3395 1857 3447 rarent
1896 3388 1968 3445 ad
2007 3387 2231 3459 Jesum,
2273 3387 2424 3445 dixit
2463 3406 2567 3464 per
2608 3386 2926 3452 similitu-

1659 3465 1894 3526 dinem:
1949 3465 2113 3523 Exiit
2151 3467 2248 3542 qui
2288 3464 2547 3536 seminat,
2592 3468 2928 3533 seminare

1660 3562 1850 3602 semen
1892 3563 2092 3602 suum:
2142 3553 2200 3603 et
2239 3544 2377 3601 dum
2418 3542 2687 3615 seminat,
2736 3546 2928 3611 aliud

1659 3622 1859 3680 cecidit
1885 3642 2040 3680 secus
2067 3622 2236 3692 viam,
2273 3632 2332 3681 et
2358 3619 2759 3681 conculcatum
2798 3641 2928 3702 est,

1660 3707 1719 3759 et
1745 3698 1995 3759 volucres
2011 3699 2136 3758 coeli
2155 3701 2527 3761 comederunt
2551 3699 2728 3759 illud.
2831 3707 2930 3768 Et,

1660 3777 1811 3836 aliud
1851 3779 2055 3838 cecidit
2081 3800 2251 3858 supra
2289 3788 2546 3858 petram:
2587 3785 2647 3837 et
2679 3790 2926 3845 natum

1661 3856 1832 3927 aruit,
1900 3858 2031 3934 quia
2082 3878 2195 3915 non
2250 3857 2495 3916 habebat
2546 3854 2919 3925 humorem,
2973 3855 2974 3928 ζ

1666 3936 1745 3995 Et
1769 3935 1923 3994 aliud
1949 3936 2152 3995 cecidit
2187 3936 2339 3996 inter
2379 3936 2588 4013 spinaS,
2618 3944 2687 3994 et
2718 3939 2926 4003 simul
2973 3943 2974 3946 ’

1663 4022 1882 4073 exortae
1908 4015 2086 4092 spinae
2105 4014 2521 4074 suffocaverunt
2549 4012 2721 4072 illud.
2828 4024 2926 4083 Et

1662 4092 1817 4151 aliud
1869 4094 2075 4153 cecidit
2125 4093 2186 4149 in
2241 4102 2458 4153 terram
2527 4093 2782 4170 bonam,
2856 4111 2923 4162 et

1665 4259 1693 4299 d
1732 4260 1817 4314 Ps.
1838 4260 2028 4315 lxxxii.
2103 4261 2289 4316 xxxiii.
2321 4260 2404 4330 18,
2435 4260 2544 4330 13.)

1665 4341 1689 4368 θ
1728 4331 2061 4385 Dominus—
2098 4332 2145 4384 6.

1665 4402 1684 4439 ¹
1719 4401 1804 4456 Ps.
1833 4401 1925 4456 lix.
1955 4402 2049 4473 (lx.
2076 4402 2126 4470 2,
2156 4402 2230 4472 5.)

1666 4482 1692 4520 κ
1728 4490 1840 4544 cap.
1868 4472 1977 4527 viii.
2006 4473 2075 4525 A.
2104 4473 2175 4544 (v.
2204 4472 2387 4544 4-15.)
