2975 5009
167 267 294 335 585

246 440 327 498 In
370 440 626 500 omnibus
649 440 818 520 festis
857 439 1035 499 trium
1074 439 1375 499 lectionum

172 528 219 576 et
239 518 305 577 in
321 521 531 578 octavis
551 520 777 597 quando
795 520 990 577 chorus
1010 539 1124 577 non
1139 517 1374 593 reqitur,

173 597 389 656 dicitur
411 618 594 658 unum
623 599 861 657 istorum
886 620 984 657 .·—-

241 776 1267 895 Q

331 947 585 1008 Glo·ri-a
656 950 720 1007 in
748 950 1039 1011 ex-oel-sis
1068 952 1237 1011 De-o.

298 1307 554 1369 Glo-ri-a
622 1310 685 1368 in
712 1310 899 1370 ex-cel
915 1344 940 1356 -
958 1311 1035 1369 sis
1088 1309 1181 1371 De
1199 1345 1223 1357 ·
1242 1332 1294 1372 ο.

254 1563 336 1621 In
376 1563 891 1622 commemoratione
942 1564 1110 1624 beatoe
1155 1565 1378 1625 Mariae

176 1641 391 1698 dicitur
436 1642 528 1699 hic
570 1650 765 1699 cantus
798 1663 906 1719 per
947 1651 1123 1702 totum
1161 1665 1377 1704 annum

177 1719 402 1797 quando
428 1719 644 1779 dicitur
671 1719 869 1780 Gloria
894 1721 955 1779 in
982 1720 1220 1782 excelsis
1240 1745 1339 1783 :—

289 1908 1353 1942 —--——

340 2068 530 2130 Glo-ri
552 2102 577 2116 -
597 2091 635 2130 a
684 2070 744 2128 in
772 2071 1060 2133 ex-cel-sis
1139 2074 1231 2134 De
1245 2108 1273 2121 -
1289 2094 1341 2134 o.

258 2323 404 2382 Nisi
427 2324 653 2400 quando
676 2327 879 2385 ultimo
896 2328 973 2403 fit
998 2329 1292 2387 servitium
1317 2329 1385 2388 de

181 2411 378 2461 sancta
397 2402 609 2461 Maria
630 2413 757 2463 ante
777 2406 1108 2465 Adventum
1134 2405 1387 2465 Domini

182 2489 233 2540 et
252 2489 381 2539 ante
402 2479 881 2558 Septuaqesimam
896 2494 947 2542 et
961 2485 1029 2542 in
1044 2485 1251 2543 octavis
1268 2485 1382 2543 As·

182 2560 519 2637 sumptionis
534 2568 584 2618 et
594 2561 939 2621 Natiuitatis
956 2564 1122 2622 beatae
1129 2563 1210 2621 M
1203 2564 1349 2622 ariae
1365 2587 1383 2623 .·

185 2645 318 2695 tunc
345 2638 498 2696 enim
523 2638 739 2698 dicitur
761 2663 985 2718 sequens
1004 2649 1200 2700 cantus
1226 2649 1251 2675 ⁸
1264 2650 1385 2701 tam

184 2736 224 2773 a
262 2715 427 2774 choro
468 2738 640 2792 quam
679 2739 718 2776 a
743 2720 1020 2778 sacerdote
1046 2727 1096 2779 et
1121 2721 1240 2796 ejus
1273 2721 1384 2779 mi-

185 2794 385 2852 nistris
412 2794 491 2852 ad
524 2796 707 2855 altare
725 2803 755 2833 ⁸
786 2798 812 2829 b
827 2818 954 2856 cum
989 2818 1097 2856 sua
1116 2797 1383 2874 farsura,

185 2872 443 2930 videlicet
479 2873 548 2931 in
587 2874 749 2932 choro
771 2896 795 2946 ;
850 2884 901 2933 et
952 2877 1126 2933 etiam
1171 2877 1388 2936 dicitur

184 2970 317 3008 cum
350 2970 457 3007 sua
494 2971 663 3025 prosa
703 2953 772 3009 in
808 2955 1160 3028 quotidianis
1199 2956 1389 3015 missis

185 3029 254 3086 in
274 3026 497 3103 capella
519 3028 685 3086 beatoe
703 3029 918 3087 Mariae
938 3032 1096 3089 omni
1119 3034 1389 3093 sabbato.¹’

299 3262 1364 3333 *m-Qff

350 3384 464 3446 Glo
482 3418 508 3432 -
528 3386 624 3444 ri-
646 3407 682 3445 a
731 3387 793 3446 in
820 3388 1107 3450 ex·ce1-sis
1178 3391 1347 3453 De-o.

1192 3634 1274 3695 Et
1326 3636 1386 3694 in

381 3725 493 3783 pax
521 3706 843 3768 hominibus
875 3711 1039 3770 bonae
1065 3711 1389 3773 voluntatis.

191 3783 515 3842 Laudamus
540 3793 619 3844 te.
692 3787 1088 3848 Benedicimus
1113 3799 1191 3850 te.
1261 3792 1389 3850 Ad-

190 3880 416 3920 oramus
443 3869 521 3922 te.
606 3862 1001 3925 Glorificamus
1028 3875 1103 3926 te.
1162 3868 1391 3930 Gratias

188 3939 411 4018 agimus
437 3940 542 3999 tibi
583 3951 819 4021 propter
849 3963 1110 4023 magnam
1152 3945 1389 4024 gloriam

189 4025 370 4088 tuam,
416 4019 661 4078 Domine
722 4022 895 4094 Deus,
957 4043 1065 4082 rex
1131 4025 1392 4099 coelestis,

191 4096 370 4166 Deus,
423 4094 597 4156 Pater
659 4100 1035 4177 omnipotens.
1143 4102 1392 4165 Domine

188 4172 304 4231 Fili
332 4173 643 4253 unigenite,
683 4176 726 4235 J
729 4198 826 4236 esu
852 4177 1097 4250 Christe,
1136 4180 1394 4257 Spiritus

188 4259 242 4308 et
297 4252 443 4310 alme
495 4254 878 4331 orphanomom
921 4257 1223 4334 paraclite,
1275 4259 1393 4321 Do·

269 3625 467 3685 Gloria
531 3627 593 3685 in
646 3629 880 3690 excelsis
940 3630 1083 3692 Deo.

189 3712 350 3764 terra

189 4461 216 4490 ⁸
256 4470 366 4508 non
391 4454 598 4511 habent
623 4455 708 4511 92.
738 4456 822 4511 94.
852 4458 936 4513 97.
970 4458 1053 4512 98.

1012 276 1484 333 ORDINARIUM
1542 272 1796 323 MISSAE.

2573 262 2703 327 586

1479 431 1636 491 mine
1664 430 1838 501 Deus,
1868 428 2075 508 Agnus
2102 429 2231 501 Dei,
2263 429 2442 490 Filius
2482 430 2687 504 Patris,

1481 509 1903 584 Primoqenitus
1945 508 2166 566 Marios
2196 508 2443 585 viryinis
2468 512 2689 584 matris,

1484 587 1597 655 Qui
1647 585 1800 645 tollis
1857 594 2085 664 peccata
2137 588 2358 660 mundi,
2413 589 2686 648 miserere

1485 665 1664 724 nobis.
1779 663 1893 733 Qui
1962 662 2115 723 tollis
2178 674 2408 743 peccata
2471 667 2690 738 mundi,

1484 743 1703 832 suscipe
1747 742 2204 820 deprecationem
2259 751 2532 815 nostram,
2581 744 2691 804 Ad

1488 820 1703 878 Mariae
1726 819 1988 895 qloriam.
2063 819 2181 888 Qui
2207 822 2367 880 sedes
2391 822 2466 880 ad
2485 823 2689 884 dexte·

1487 919 1612 956 ram
1642 898 1852 970 Patris,
1872 897 2140 958 miserere
2160 899 2339 957 nobis.
2398 899 2686 969 Quoniam

1489 985 1556 1035 tu
1581 975 1730 1036 solus
1749 985 1993 1049 sanctus,
2014 976 2286 1034 Mariam
2309 979 2688 1053 sanctificans,

1488 1055 1578 1113 'Pu
1597 1053 1746 1114 solus
1763 1054 2059 1127 Dominus,
2077 1055 2343 1112 Mariam
2355 1057 2688 1132 qubemams,

1488 1133 1578 1191 'Pu
1599 1130 1749 1191 solus
1767 1131 2089 1205 altissimae,
2111 1132 2376 1191 Mariam
2402 1155 2690 1209 coronans,

1488 1209 1534 1269 J
1534 1230 1632 1270 esu
1673 1209 1904 1271 Christe
1945 1231 2073 1270 cum
2116 1210 2325 1271 Sancto
2370 1209 2587 1291 Spiritu
2628 1214 2693 1272 in

1487 1287 1669 1369 gloria
1695 1287 1806 1347 Dei
1835 1288 2042 1347 Patris,
2125 1290 2339 1349 Amen.

1585 1365 1671 1425 In
1722 1367 1977 1424 omnibus
2029 1367 2166 1424 aliis
2219 1367 2406 1427 missis
2468 1370 2696 1446 quando

1489 1443 1792 1502 dicendum
1812 1451 1906 1515 est,
1924 1444 2142 1503 dicitur
2158 1446 2280 1502 sine
2297 1466 2489 1522 prosa.
2555 1446 2697 1506 Post

1489 1522 1859 1599 inceptionem
1888 1522 2087 1582 Gloria
2111 1523 2171 1580 in
2201 1523 2432 1582 excelsis
2451 1525 2697 1584 divertat

1490 1621 1547 1658 se
1570 1600 1821 1658 sacerdos
1853 1600 1933 1657 ad
1970 1601 2226 1658 dextrum
2259 1622 2432 1659 cornu
2471 1603 2695 1676 altaris,

1494 1685 1545 1736 et
1581 1677 1839 1735 ministri
1876 1698 2004 1736 cum
2042 1700 2102 1736 eo
2136 1688 2537 1756 prosequentes,
2565 1681 2699 1739 dia-

1494 1775 1662 1814 conus
1688 1776 1726 1813 a
1751 1756 1962 1814 dextris
1986 1765 2037 1814 et
2061 1756 2432 1815 subdiaconus
2458 1778 2496 1816 a
2526 1758 2699 1817 sinis-

1494 1834 1619 1906 tris,
1659 1833 1932 1891 submissa
1969 1855 2094 1893 voce
2129 1834 2325 1892 dicant
2364 1835 2535 1894 idem.
2617 1837 2699 1897 In

1496 1910 1819 1988 duplicibus
1866 1911 2051 1989 festis,
2108 1913 2461 1989 principalis
2522 1923 2701 1974 rector

1498 1989 1656 2048 chori
1683 1989 1883 2049 Gloria
1906 1992 1970 2048 in
2012 1989 2245 2050 excelsis
2272 1992 2511 2066 ’quando
2549 1992 2701 2052 debet

1498 2067 1623 2124 dici
1647 2076 1864 2143 quaerat
1901 2089 1940 2126 a
1966 2076 2189 2127 cantore
2215 2076 2267 2127 et
2304 2070 2582 2129 sacerdoti
2606 2072 2699 2130 in-

1485 2152 1914 2281 Junffiegssfflum
1957 2231 2052 2294 est,
2099 2225 2248 2301 quod
2286 2245 2472 2284 ommes
2511 2226 2706 2286 clerici

1498 2308 1647 2358 stare
1693 2309 1947 2361 tenentur
1988 2302 2067 2360 ad
2111 2303 2361 2376 missam,
2405 2304 2527 2362 nisi
2566 2305 2706 2364 dum

1503 2378 1661 2436 lectio
1703 2378 1981 2457 Epistolae
2022 2381 2227 2456 leqitur
2264 2390 2316 2439 et
2363 2381 2620 2441 Gradale
2655 2392 2707 2442 et

1500 2455 1764 2533 Alleluya
1815 2458 1901 2516 vel
1956 2458 2195 2517 Tractus
2240 2468 2520 2519 cantatur.
2627 2461 2710 2521 In

1500 2535 1821 2611 duplicibus
1849 2544 2036 2594 tamen
2058 2535 2241 2612 festis,
2270 2546 2417 2597 stare
2455 2547 2710 2598 tenentur

1501 2633 1686 2671 omnes
1710 2613 1851 2671 dum
1877 2635 1916 2671 a
1954 2615 2117 2673 choro
2158 2614 2430 2692 Alleluya
2459 2618 2704 2676 canitur.

1502 2689 1691 2748 Pueri
1740 2713 1867 2750 vero
1927 2712 2142 2769 semper
2191 2695 2307 2751 sint
2371 2702 2576 2753 stantes
2628 2696 2709 2754 ad

1499 2769 1733 2826 missam
1773 2770 1936 2828 choro
1975 2779 2202 2829 canente
2227 2793 2252 2843 ;
2304 2780 2534 2831 rectores
2578 2794 2708 2833 vero

1500 2846 1675 2917 chori,
1713 2868 1840 2905 cum
1879 2848 1992 2906 duo
2034 2856 2255 2907 tantum
2297 2850 2586 2924 habentur,
2622 2873 2708 2911 se-

1536 2933 1751 2982 uantur
1892 2926 2086 2985 omnia
2102 2927 2354 3002 reyulam
2373 2928 2705 2988 clericorwm

1500 2946 2122 3062 {esec-mndzc'zeromaad
2152 3004 2701 3082 Vesperas,Matuti-

1500 3101 1606 3139 nas
1631 3089 1682 3138 et
1708 3081 1787 3138 ad
1895 3083 2071 3140 issam
2092 3105 2116 3154 ;
2159 3084 2281 3142 nisi
2318 3085 2466 3162 quod
2490 3106 2704 3163 semper

1500 3159 1640 3216 dum
1665 3159 1862 3217 chorus
1881 3161 2038 3218 canit
2058 3159 2331 3239 Alleluya
2348 3171 2496 3221 stare
2515 3172 2700 3223 tenen·

1501 3245 1613 3308 tur,
1661 3245 1712 3294 et
1756 3237 1824 3295 in
1864 3238 2272 3316 inceptionibus
2311 3249 2579 3300 cantuum
2621 3243 2701 3300 ad

1502 3314 1754 3372 Missam
1781 3315 1860 3373 ad
1890 3315 2099 3374 Altare
2123 3339 2179 3375 se
2203 3328 2538 3378 convertant.
2618 3321 2702 3379 In

1502 3391 1823 3469 duplicibus
1844 3392 2029 3470 festis,
2058 3415 2242 3454 omnes
2280 3406 2509 3457 rectores
2544 3399 2702 3457 chori

1502 3470 1798 3528 imitentur
1816 3472 2010 3529 omnia
2029 3481 2092 3529 ut
2116 3494 2309 3551 supra.
2712 3475 2717 3479 ’

1583 3547 1670 3606 Et
1694 3549 2005 3608 notandum
2030 3557 2108 3607 est
2306 3574 2490 3611 omnes
2510 3553 2703 3613 clerici

1502 3627 1749 3684 conversi
1775 3628 1853 3685 ad
1879 3628 2088 3686 Altare
2111 3636 2259 3688 stare
2283 3639 2538 3689 tenentur
2561 3631 2704 3690 dum

1502 3703 1581 3761 ad
1621 3703 1874 3763 Missam
1914 3704 2109 3765 Gloria
2141 3706 2201 3764 in
2233 3709 2466 3768 excelsis
2510 3709 2702 3767 incho-

1502 3789 1651 3853 atur,
1697 3803 1973 3860 quousque
2015 3784 2212 3842 chorus
2256 3796 2486 3846 cantet:
2541 3794 2592 3844 et
2634 3788 2703 3845 in

1502 3859 1688 3916 eodem
1713 3861 1749 3918 Ιι
1789 3882 1920 3920 mno
1948 3862 2026 3919 ad
2051 3863 2164 3920 hoec
2189 3865 2354 3922 verba
2379 3864 2702 3924 Adoramus

1502 3944 1580 4009 te,
1610 3945 1661 3995 et
1799 3940 1912 3997 hoec
1937 3941 2102 3998 verba
2131 3941 2358 4021 Suscipe
2385 3944 2700 4020 deprecati-

1505 4033 1671 4073 onem
1702 4025 1972 4088 nostram,
2000 4027 2051 4076 et
2077 4018 2142 4077 in
2156 4021 2278 4095 fine
2303 4022 2546 4098 ejusdem
2572 4041 2701 4079 cum

1505 4092 1723 4151 dicitur
1736 4093 1778 4151 J
1779 4115 1875 4154 esu
1893 4095 2122 4156 Christe
2141 4119 2268 4157 cum
2289 4100 2496 4159 Sancto
2517 4098 2701 4176 Spiri-

1506 4178 1573 4229 tu
1614 4171 1673 4227 in
1701 4171 1883 4250 gloria
1910 4173 2021 4234 Dei
2049 4196 2220 4255 usque
2255 4178 2334 4237 ad
2373 4175 2703 4257 Epistolam

1509 4248 1594 4306 vel
1622 4247 1960 4310 Lectionem.

1511 4467 1540 4506 ¹²
1574 4484 1685 4521 non
1710 4466 1913 4522 habent
1936 4468 2031 4524 4L.
2061 4470 2144 4525 57.
