2975 5009
127 247 210 309 41
687 259 1041 310 Dominum
1076 258 1366 317 QUARTA
1407 258 1797 309 Anvnn'rus
1828 260 2115 309 nomm.
2589 244 2674 306 42

125 420 341 478 iterum
356 416 500 487 dico,
517 416 775 506 gaudete.
857 415 1145 475 Modestia.
1160 423 1349 475 vestra

126 505 264 555 nota
289 496 367 553 sit
389 496 650 553 omnibus
670 493 1003 554 hominibus.
1069 494 1349 552 Dominus

127 594 307 653 prope
335 580 440 631 est.
523 570 693 629 Nihil
719 570 936 629 solliciti
977 572 1121 643 sitis,
1149 572 1248 631 sed
1287 572 1348 629 in

128 652 286 711 omni
342 649 596 708 oratione
651 659 711 708 et
764 650 1166 721 obsecratione,
1221 670 1349 708 cum

128 731 445 808 gratiarum
501 727 724 786 actione
790 727 1092 805 petitiones
1146 738 1352 787 vestrae

129 810 493 867 innotescant
519 807 669 884 apud
695 805 901 865 Deum.
983 805 1063 865 Et
1101 827 1214 885 pax
1242 806 1355 864 Dei

129 906 260 964 quae
302 892 610 962 exsuperat
641 904 869 943 omnem
897 903 1142 955 sensum,
1171 895 1353 943 custo-

129 966 254 1023 diat
281 962 458 1021 corda
488 971 675 1021 vestra
715 971 774 1021 et
805 962 1206 1041 intelligentias
1232 982 1355 1020 ves-

131 1053 251 1101 tras
281 1042 342 1098 in
371 1040 604 1100 Christo
629 1041 673 1098 J
675 1060 770 1098 esu
800 1041 1048 1099 Domino
1075 1053 1287 1099 nostro.

219 1118 499 1177 Gradale.

207 1196 385 1266 Prope
417 1201 499 1249 est
522 1193 786 1247 Dominus
820 1195 1072 1249 omnibus
1107 1195 1357 1249 invocan-

134 1267 285 1348 tibus
310 1283 431 1389 ῗιέω
453 1285 465 1319 ;
491 1265 742 1320 omnibus
761 1265 855 1335 qui
879 1265 1132 1321 invocant
1149 1284 1275 1321 eum
1299 1266 1359 1318 in

138 1342 316 1391 verita
375 1377 387 1389 .

148 1408 211 1461 V.
291 1405 533 1459 Iaudem
559 1404 778 1459 Domini
794 1403 1043 1475 loquetur
1064 1423 1123 1460 os
1146 1423 1358 1460 meum:

136 1482 194 1560 et
222 1474 706 1599 beanedffiigssmssh
728 1493 849 1529 caro
886 1492 1081 1531 nomen
1114 1484 1362 1532 sanctum

138 1564 273 1671 (pflu-
290 1616 451 1685 Veni,
494 1564 725 1685 Βοξηῖηἰ,
764 1621 819 1669 et
852 1616 965 1670 noli
1002 1617 1245 1672 tardare:
1282 1634 1362 1671 re-

139 1689 269 1743 laxa
293 1687 529 1740 facinora
551 1686 722 1757 plebis
747 1692 873 1741 tuae.

223 1758 550 1834 Sequentia.

144 1859 200 1895 a.
245 1837 288 1894 J
292 1835 567 1894 ubilemus
595 1855 790 1893 omnes
818 1856 932 1894 una

145 1917 195 1973 b.
249 1914 377 1972 Deo
403 1922 614 1985 nostre,
644 1915 739 1990 qui
767 1916 976 1973 creavit
1001 1915 1207 1986 omnia,

147 1994 197 2051 b.
242 1991 358 2051 Per
389 2011 558 2068 quem
594 2000 794 2050 cuncta
825 1994 1051 2052 condita
1083 2003 1216 2052 sunt
1262 2014 1366 2051 sae-

255 2069 397 2127 cula.

150 2154 231 2207 ab
256 2147 522 2225 Caeloque
555 2146 612 2204 d.
643 2146 889 2225 plurima
919 2146 1041 2207 luce
1077 2147 1328 2209 coruscab

149 2250 197 2285 e.
340 2235 401 2285 et
427 2226 649 2284 diversa
666 2233 799 2283 sunt
826 2226 1012 2284 sidera

150 2328 197 2364 c.
260 2303 360 2365 Sol
400 2304 598 2362 mundi
621 2302 675 2380 f
705 2302 948 2376 schema,
984 2306 1233 2363 noctium
1267 2306 1365 2365 de-

263 2401 363 2441 cus
389 2381 543 2453 luna,

153 2484 201 2519 e.
343 2468 655 2536 caeteraque
683 2459 1053 2538 splendentia,

153 2562 210 2616 9.
264 2537 451 2609 Mare,
477 2537 675 2608 solum,
705 2547 764 2597 et
790 2537 924 2610 alta,
950 2539 1137 2617 plana,

155 2618 213 2675 Ιι.
350 2637 415 2675 ac
439 2614 717 2695 profunda
743 2615 786 2673 i.
815 2615 1066 2675 flumina.

155 2717 211 2771 9.
263 2694 440 2754 Aeris
466 2693 654 2772 ampla
679 2715 704 2751 s
779 2694 875 2765 tia,
903 2714 1031 2771 quae

158 2774 216 2830 k.
353 2771 680 2831 discurrunt
703 2714 757 2829 Ξ.
792 2792 939 2845 aves,
969 2772 1124 2832 venti

160 2872 240 2909 m.
357 2859 527 2928 atque
563 2849 768 2928 pluvia.

162 2951 223 2988 n.
441 2926 610 2987 simul
633 2937 835 2987 cuncta
858 2927 964 2987 tibi
993 2928 1117 2988 Deo

164 3029 218 3067 0.
352 3006 454 3065 soli
485 3006 645 3064 Patri
662 3027 727 3082 p.
757 3006 1022 3066 militant.

165 3107 226 3143 n.
269 3084 465 3157 Nunc,
488 3092 548 3143 et
574 3084 633 3141 in
663 3105 845 3142 aevum
873 3084 994 3143 sine
1020 3085 1137 3144 fine

164 3185 219 3239 q.
343 3182 449 3241 per
482 3162 687 3220 saecula
717 3183 765 3221 ο.
794 3162 914 3222 laus
941 3182 1135 3222 eorum

164 3262 243 3299 m.
352 3250 455 3300 tua
478 3239 674 3319 gloria.

165 3340 215 3377 r.
278 3318 396 3410 Qui
423 3339 527 3398 pro
552 3317 733 3378 salute
768 3326 961 3378 nostra
985 3338 1091 3397 pro
1112 3352 1133 3364 ·
1155 3340 1229 3377 s.-
1260 3318 1372 3378 lem

273 3417 501 3455 unicam

168 3496 219 3531 r.
276 3476 410 3536 Pati
438 3475 497 3533 in
523 3482 739 3533 terram
769 3474 970 3534 misisti
992 3484 1031 3533 t.
1053 3476 1175 3535 sine
1194 3475 1374 3553 culpa,

274 3554 377 3611 sed
403 3556 474 3612 ob
501 3561 696 3611 nostra
721 3551 944 3611 delicta.

168 3652 227 3688 a.
270 3631 376 3702 Te,
405 3631 677 3703 Trinitas,
704 3650 1018 3708 precamur,
1044 3640 1111 3691 ut
1144 3651 1379 3710 corpora

276 3717 474 3769 nostra
498 3717 559 3769 et
582 3710 766 3780 corda,

164 3809 223 3844 ω.
265 3786 473 3866 Regas,
503 3796 563 3847 et
588 3796 869 3865 protegas,
899 3795 959 3846 et
984 3788 1159 3848 dones
1185 3808 1377 3867 pecca-

275 3875 467 3924 torum
497 3865 739 3925 veniam.

247 3943 573 4003 Secwndum
598 3942 654 4001 J
646 3943 964 4002 ohoennem.⁰

252 4020 332 4079 In
357 4020 453 4079 illo
479 4032 755 4099 tempore,
782 4022 1069 4081 Miserunt
1094 4024 1137 4081 J
1138 4022 1285 4082 udaei
1310 4024 1385 4081 ab

166 4098 588 4174 Hierosolymis
627 4100 947 4159 sacerdotes
978 4109 1039 4160 et
1078 4100 1276 4160 levitas
1311 4101 1383 4159 ad

165 4177 211 4236 J
215 4176 521 4249 ohannem,
543 4186 609 4236 ut
629 4177 1051 4257 interrogarent
1071 4200 1219 4238 eum.
1293 4180 1381 4238 'ru

168 4287 198 4317 ὃ
236 4279 328 4332 Ps.
356 4278 512 4332 cxliv.
565 4279 702 4334 cxlv.
733 4280 815 4346 18,
848 4281 959 4352 21.)

169 4349 200 4387 b
236 4351 322 4403 ita
340 4349 424 4402 98.
452 4349 538 4402 SR
604 4392 614 4403 .
641 4350 723 4405 13.
755 4350 837 4404 15.
865 4352 949 4406 26.
974 4351 1057 4405 34.
1080 4352 1164 4406 54.
1187 4353 1382 4408 coelum

172 4419 322 4488 quod
341 4418 572 4489 plurima
595 4419 714 4475 luce
732 4422 1125 4478 coruscat—94.
1146 4424 1277 4478 5512.
1297 4425 1379 4479 57.

176 4499 201 4527 θ
238 4506 358 4559 cap.
385 4489 418 4541 i.
449 4491 516 4560 (v.
550 4490 765 4561 19-28.)

1430 2047 1435 2054 ⁴
1477 1988 1544 2039 ut
1569 1981 1779 2040 solvam
1819 1982 1871 2041 e'

1462 416 1586 495 quis
1640 419 1744 476 es'f.²
1825 416 1905 475 Et
1956 415 2234 475 confessus
2287 422 2390 485 est,
2447 421 2507 473 et
2560 434 2674 473 non

1464 496 1709 574 negavit,
1745 505 1803 553 et
1842 493 2120 553 confessus
2160 501 2263 553 est.
2370 493 2521 561 Quia
2563 513 2677 552 non

1463 594 1589 633 sum
1608 595 1712 653 ego
1727 573 2005 634 Christus.
2088 572 2170 632 Et
2185 572 2679 650 interrogaverunt

1464 673 1614 712 eum.
1724 651 1875 720 Quid
1929 653 2109 731 ergo?
2216 648 2417 708 Helias
2465 668 2525 709 es
2571 653 2677 711 tu?

1462 731 1545 791 Et
1570 731 1736 789 dixit.
1812 728 1876 787 N
1878 750 1952 788 on
1971 751 2115 787 sum.
2139 725 2150 732 ’
2186 726 2478 805 Propheta
2497 748 2556 787 es
2576 732 2679 790 tu?

1466 810 1548 869 Et
1577 808 1889 888 respondit.
1971 806 2035 865 N
2038 827 2131 865 on.
2212 806 2505 864 Dixerunt
2545 827 2680 897 ergo

1468 889 1540 947 ei.
1622 888 1759 955 Quis
1786 907 1864 957 eS,
1885 894 1952 945 ut
1978 905 2307 964 responsum
2334 884 2533 942 demus
2571 884 2678 957 his,

1467 966 1563 1043 qui
1591 966 1868 1025 miserunt
1886 966 2028 1023 nos?
2056 964 2190 1041 quid
2212 963 2349 1020 dicis
2367 963 2439 1020 de
2460 963 2682 1042 teipso?

1472 1045 1598 1102 Ait.
1689 1044 1815 1122 Ego
1853 1062 1965 1101 vox
2002 1042 2294 1101 clamantis
2336 1041 2397 1097 in
2437 1041 2679 1102 deserte.

1470 1121 1717 1201 Dirigite
1786 1122 1932 1179 viam
2002 1120 2252 1190 Domini,
2330 1118 2472 1178 sicut
2545 1121 2683 1181 dicit

1473 1201 1669 1260 Esaias
1710 1199 2007 1279 propheta.
2090 1200 2172 1258 Et
2211 1197 2309 1276 qui
2363 1197 2519 1255 missi
2563 1197 2683 1259 fue-

1471 1287 1623 1350 rant,
1647 1287 1811 1338 erant
1831 1298 1905 1337 ex
1934 1277 2253 1344 Pharisaeis.
2334 1275 2414 1335 Et
2440 1275 2685 1336 interro·

1470 1365 1750 1435 gaverunt
1789 1376 1920 1416 eum
1963 1365 2022 1414 et
2061 1356 2334 1414 dixerunt
2358 1355 2429 1414 ei.
2527 1356 2685 1424 Quid

1474 1456 1615 1514 ergo
1653 1438 1727 1494 ba
1766 1435 1925 1505 tizaS,
1972 1434 2019 1492 si
2055 1441 2119 1491 tu
2162 1454 2278 1492 non
2313 1453 2372 1491 es
2406 1432 2686 1505 Christus,

1474 1532 1659 1590 neque
1747 1512 1898 1583 elias,
1919 1530 2103 1589 neque
2124 1510 2460 1589 Propheta?
2542 1512 2685 1571 Res·

1474 1591 1678 1670 pondit
1697 1590 1776 1650 eis
1796 1591 1839 1648 J
1842 1590 2112 1659 ohannes,
2129 1589 2339 1647 dicens.
2407 1589 2533 1666 Ego
2550 1591 2685 1668 bap-

1475 1670 1593 1727 tizo
1633 1669 1691 1726 in
1735 1688 1897 1745 aqua,
1945 1667 2162 1726 medius
2203 1675 2395 1725 autem
2435 1675 2687 1726 vestrum

1475 1748 1657 1818 stetit,
1709 1767 1879 1825 quem
1927 1765 2023 1804 vos
2070 1745 2315 1803 nescitis.
2395 1744 2529 1823 Ipse
2582 1755 2688 1817 est,

1476 1826 1574 1902 qui
1613 1836 1742 1904 post
1767 1845 1858 1883 me
1885 1833 2155 1883 venturus
2181 1832 2285 1894 est,
2314 1822 2411 1899 qui
2437 1833 2570 1883 ante
2596 1844 2689 1883 me

1476 1903 1656 1962 tactus
1693 1912 1795 1975 est,
1837 1904 1994 1981 cujus
2031 1922 2133 1980 ego
2174 1922 2286 1959 non
2328 1920 2453 1958 sum
2486 1902 2691 1980 dignus

1976 1980 2271 2059 corrigiam
2311 1978 2690 2038 calceamenti.

1480 2060 1628 2119 Haec
1691 2061 1753 2118 in
1903 2059 2100 2119 thania
2149 2057 2297 2117 facta
2349 2065 2483 2116 sunt
2533 2067 2693 2117 trans

1479 2139 1523 2196 J
1525 2139 1815 2212 ordanem,
1861 2139 1956 2198 ubi
2002 2144 2126 2197 erat
2166 2136 2210 2196 J
2212 2135 2463 2195 ohannes
2509 2137 2693 2216 bapti·

1480 2236 1632 2275 zans.

1564 2296 1939 2371 Offertorimn.

1553 2371 1942 2427 Confortamini
1966 2377 2021 2425 et
2035 2370 2064 2409 ‘¹
2089 2370 2209 2441 jam
2224 2370 2254 2407 ἅ
2277 2370 2446 2425 nolite
2468 2369 2691 2424 timere:

1480 2460 1598 2498 ecce
1616 2444 1762 2498 enim
1778 2443 1922 2496 Deus
1938 2447 2117 2497 noster
2130 2440 2388 2495 retribuet
2396 2440 2692 2512 judicium:

1479 2513 1501 2567 i
1616 2514 1796 2569 veniet
1820 2519 1875 2567 et
1896 2513 2069 2566 salvos
2092 2529 2190 2566 nos
2210 2511 2384 2565 faciet.

1543 2625 1554 2638 .
1630 2584 1781 2638 Tunc
1804 2583 2112 2654 aperientur
2135 2580 2277 2636 oculi
2305 2599 2565 2637 caecorum
2590 2601 2600 2633 ε
2641 2585 2697 2634 et

1482 2672 1638 2709 aures
1673 2654 1953 2708 surdorum
1990 2653 2246 2707 audient:
2288 2658 2420 2706 tunc
2448 2651 2697 2705 ascendet

1482 2725 1707 2779 claudus
1729 2724 1882 2794 quasi
1905 2741 2103 2792 cervus,
2139 2728 2194 2777 et
2217 2720 2362 2777 clara
2384 2721 2487 2776 erit
2510 2721 2699 2791 lingua

1483 2801 1803 2849 mutorum.0

1563 2866 1799 2926 Secreta.

1564 2943 1865 3004 Sacrificiis
1918 2942 2311 3020 praesentibuS,
2358 2956 2693 3017 quaesumuS,

1485 3023 1752 3093 Domine,
1793 3019 2041 3100 placatus
2076 3017 2332 3088 intende,
2373 3018 2575 3094 quibus
2620 3016 2694 3073 ad

1485 3099 1617 3159 Filii
1632 3100 1717 3158 tui
1744 3099 2099 3158 nativitatem
2116 3095 2524 3174 suscipiendam
2544 3095 2696 3173 puri-

1485 3178 1736 3238 ficemur.
1821 3179 1933 3237 Per
1960 3174 2221 3235 eundem.

1563 3255 1841 3334 Praefatio
1870 3253 2238 3327 Quotidiana.

1570 3334 1924 3393 Communia

1557 3411 1690 3466 Ecce
1721 3412 1870 3481 virgo
1897 3409 2160 3482 concipiet
2193 3413 2249 3464 et
2283 3407 2457 3479 pariet
2486 3406 2658 3460 filium
2684 3425 2696 3459 ε

1485 3487 1542 3537 et
1564 3482 1840 3537 vocabitur
1862 3498 2058 3536 nomen
2083 3480 2202 3550 ejus
2224 3476 2586 3533 Emmanuel!

1565 3554 2036 3613 PostcommwniO.

1568 3631 1848 3710 Populum
1869 3640 2050 3702 tuum,
2074 3647 2406 3710 quaesumus,
2433 3624 2696 3695 Domine,

1488 3710 1765 3769 donorum
1791 3719 2018 3769 tuorum
2037 3709 2298 3787 largitate
2324 3721 2695 3782 prosequere:

1490 3797 1557 3847 ut
1608 3808 1644 3847 a
1695 3787 1857 3847 malis
1909 3787 2166 3846 omnibus
2221 3790 2697 3843 sacramentorum

1490 3874 1718 3925 tuorum
1761 3868 1971 3926 virtute
2008 3871 2330 3944 protectus:
2377 3860 2451 3918 ad
2495 3860 2694 3918 ineffa-

1494 3944 1606 4004 bile
1634 3946 1966 4022 mysterium
1994 3941 2391 4003 celebrandum
2419 3947 2479 3997 et
2504 3945 2696 3996 mente

1494 4031 1848 4102 praeparetur
1915 4030 1975 4081 et
2037 4039 2286 4099 corpore.
2401 4017 2514 4075 Per
2580 4015 2699 4074 Do-

1494 4122 1728 4160 minum.

1497 4283 1527 4321 ‘¹
1561 4280 1710 4336 deest
1732 4280 1790 4333 in
1818 4280 1902 4333 26.
1932 4279 2015 4333 57.
2044 4278 2206 4347 Vulg.

1499 4364 1523 4391 0
1559 4351 1734 4433 Esaiae
1758 4368 1869 4421 cap.
1898 4365 2059 4432 xng.
2087 4348 2148 4401 B.
2178 4347 2247 4468 qr.
2276 4345 2423 4416 4-6.)

1498 4425 1518 4462 f
1553 4422 1725 4476 Esaiae
1750 4439 1862 4491 cap.
1891 4438 1979 4474 vn.
2009 4418 2065 4471 Ο.
2096 4418 2170 4505 (v.
2230 4415 2304 4486 4.)
