2975 5009
124 240 229 306 329

126 418 304 489 Populo
324 434 495 502 meus.
566 413 702 503 Duo
721 411 955 504 diaconi
980 414 1047 473 de
1065 415 1307 473 secunda

118 488 377 625 twa?
395 493 1310 649 Ζῗὲἰῗεῗοῖῗυὲῗέᾜῗηὲῗὲἕοΐ

133 643 321 703 Ultor-us
373 668 458 704 res
531 649 702 706 ndeat
754 669 882 706 cwm
932 651 1310 725 qenufleoeione

130 724 402 782 osctdando
463 726 714 785 ormulas
753 727 932 783 tribus
978 728 1191 785 vicibus
1243 727 1311 785 in

131 821 227 857 una
245 805 612 878 responsione,
641 824 978 881 unaquaque
993 805 1111 862 vice
1127 826 1311 863 reswr-

130 879 297 953 9endo,
337 885 569 943 Sanctus
592 889 751 943 Deus.
820 882 1143 942 Sacerdotes
1183 904 1310 940 vero

131 965 338 1014 tenentes
363 978 580 1017 crucem
604 968 751 1018 retro
771 961 968 1031 altare,
998 968 1049 1018 et
1078 961 1311 1019 diaconi

131 1035 193 1091 ad
203 1035 441 1110 qradwm
461 1039 619 1096 chori
633 1039 872 1097 dicentes
898 1047 1084 1117 Agyos
1099 1060 1312 1116 semper

132 1113 227 1170 sint
242 1121 461 1173 stantes.
541 1116 690 1174 Item
708 1118 1029 1187 sacerdotes,
1059 1118 1172 1175 loco
1197 1138 1312 1174 non

133 1198 339 1264 mutato,
384 1192 582 1251 dicant
642 1194 889 1269 Versum,
943 1200 1084 1266 Quia
1129 1200 1308 1255 eduxi.

132 1269 376 1342 Diaconi,
395 1279 595 1350 Agyos.
642 1272 875 1347 Chorus,
897 1280 1127 1336 Sanctus
1150 1280 1309 1334 Deus.

133 1346 260 1404 Item
271 1350 585 1421 sacerdotes,
605 1350 718 1409 loco
733 1373 848 1410 non
861 1359 1094 1422 mutate,
1115 1352 1312 1410 dicant

141 1424 360 1497 Versum,
381 1433 524 1498 Quid
560 1436 722 1490 ultra.
792 1430 1065 1501 Diaconi,
1106 1436 1307 1507 Agyos.

137 1501 343 1574 Chorus,
371 1511 602 1566 Sanctus
626 1513 784 1567 Deus.

210 1580 427 1639 Deinde
491 1585 795 1642 sacerdotes
860 1584 1312 1661 discooperientes

130 1677 323 1716 crucem
346 1660 520 1734 juata
557 1662 736 1720 altare
776 1662 842 1721 in
867 1664 1091 1721 dextera
1124 1672 1310 1740 parte,

132 1746 317 1795 canant
332 1738 478 1796 hanc
495 1738 909 1818 Antiphonam,
928 1748 1062 1804 Ecce
1082 1747 1307 1818 lignum.

134 1812 326 1873 Ghoms
379 1837 508 1874 cum
566 1820 946 1893 yenufleoeione
1011 1819 1312 1879 osculando

121 1890 374 1965 famulas
440 1897 767 1972 respondeat
829 1898 869 1933 ἦ
908 1898 1310 1976 Antiphontis*

128 1974 327 2031 Crucem
372 1984 542 2033 tuam.
619 1975 903 2049 Psalmis-3,
947 1977 1104 2036 Deus
1142 1976 1311 2036 mise-

133 2213 304 2287 Pange,
331 2217 538 2289 lingua,
564 2218 779 2288 gloriosi

184 2288 424 2357 praelium
449 2290 772 2360 certaminis,

131 2355 187 2410 Et
204 2376 355 2429 super
379 2359 554 2413 crucis
579 2361 877 2432 trophaeum

184 2429 261 2482 dic
283 2429 624 2501 triumphum
649 2432 900 2499 nobilem,

130 2497 343 2562 Qualiter
365 2500 695 2571 Redemptor
718 2503 860 2558 orbis

184 2570 486 2626 immolatus
510 2572 716 2626 vicerit.

130 2649 193 2705 De
206 2654 438 2723 parentis
462 2654 778 2726 protoplasti

181 2722 352 2778 fraude
375 2724 523 2778 facta
546 2726 844 2795 condolens,

128 2791 327 2856 Quando
350 2795 500 2866 pomi
527 2797 756 2850 noxialis

183 2872 340 2919 morte
365 2883 550 2920 morsu
577 2867 795 2936 corruit,

128 2932 230 3004 Ipse
250 2936 459 3007 lignum
486 2943 620 2991 tunc
643 2938 851 2992 notavit

184 3006 371 3061 damna
395 3007 535 3078 ligni
561 3014 624 3061 ut
647 3009 884 3062 solveret.

129 3085 228 3142 Hoc
249 3106 378 3161 opus
403 3096 603 3145 nostrae
626 3090 817 3145 salutis

184 3160 298 3212 ordo
323 3161 716 3232 depoposcerat,

127 3224 457 3285 Multiformis
480 3232 766 3302 proditoris

183 3317 260 3353 ars
279 3307 341 3355 ut
364 3308 539 3355 artem
564 3302 775 3356 falleret
797 3321 810 3368 ;

124 3366 184 3422 Et
203 3372 454 3427 medelam
482 3373 645 3427 ferret
665 3373 793 3428 inde

182 3439 338 3497 hostis
365 3444 513 3497 unde
537 3443 762 3498 laeserat.

125 3521 326 3586 Quando
349 3526 504 3581 venit
527 3544 652 3598 ergo
676 3527 808 3581 sacri

180 3594 454 3675 plenitudo
478 3598 746 3668 temporie,

125 3660 303 3720 Missus
326 3674 408 3720 est
431 3668 503 3721 ab
528 3684 647 3721 arce
672 3668 851 3721 Patris

183 3741 337 3790 natus
360 3738 505 3792 orbis
527 3738 783 3806 conditor,

125 3803 292 3875 Atque
315 3813 504 3862 ventre
527 3808 779 3878 virginali

182 3892 297 3932 caro
317 3878 493 3933 factus
514 3879 727 3949 prodiit.

123 3954 302 4013 Lustra
322 3978 414 4016 sex
438 3962 532 4030 qui
550 3961 667 4031 jam
694 3967 908 4032 peracta

180 4034 385 4102 tempus
407 4031 640 4102 implens
662 4033 906 4103 corporiS,

120 4095 177 4151 Se
197 4101 403 4156 volente
427 4109 591 4156 natus
615 4104 685 4156 ad
708 4103 808 4157 hoc

180 4172 405 4239 passioni
430 4173 658 4241 deditus,

119 4239 301 4322 Agnus
324 4243 380 4364 iln
404 4260 556 4366 cauce
580 4243 790 4367 ξνᾳὲιι·

179 4327 340 4365 1mmo
363 4330 429 4366 an
471 4331 533 4366 us
558 4331 584 4366 s
631 4331 685 4384 pl
745 4356 756 4368 .

750 256 1122 309 ADORA'I'IO
1156 257 1410 308 cunels
1443 258 1517 307 IN
1544 255 1984 308 PARASOEVE.

2507 251 2638 315 330

1424 421 1620 474 reatur
1648 416 1845 474 nostri.
1924 414 2096 474 Totus
2116 417 2387 478 Psalmus
2406 419 2637 479 dicatur

1422 493 1545 551 sine
1561 491 1758 551 Gloria
1777 492 1956 565 Patri,
1986 515 2023 551 a
2050 502 2158 553 toto
2185 496 2346 554 choro
2369 520 2391 568 ;
2439 507 2490 556 et
2510 508 2636 575 post

1423 590 1869 648 unumquemque
1900 572 2129 630 Versum
2154 583 2436 651 repetatur
2459 576 2638 635 Anti·

1422 649 1613 725 pliona
1632 648 1901 707 similiter
1926 670 1964 706 a
1991 657 2099 708 toto
2127 651 2289 710 choro
2316 673 2443 710 cum
2466 675 2637 730 qena-

1412 726 1659 801 fleaeione
1687 747 1712 798 ,·
1764 734 1813 783 et
1860 727 2092 785 interim
2138 729 2451 806 deponatur
2502 752 2641 791 crux

1425 804 1741 861 solernniter
1765 825 1932 881 swper
1967 806 2248 882 †tertiwm
2285 810 2530 883 qradum
2570 812 2641 868 ab
2749 825 2754 830 ’

1427 881 1608 939 altari
1632 883 1805 957 juxta
1851 884 2080 962 quam†
2121 886 2343 944 sedeant
2373 888 2640 965 proedicti

1425 959 1746 1033 sacerdotes,
1788 982 1935 1019 wnus
1975 983 2013 1019 a
2052 963 2261 1021 dextris
2302 972 2353 1022 et
2407 966 2559 1024 alius
2600 987 2639 1025 a

1425 1037 1693 1096 sinistris.

1506 1115 1731 1173 Deinde
1761 1116 2073 1194 procedant
2099 1119 2292 1177 clerici
2316 1121 2396 1178 ad
2422 1142 2637 1180 crimem

1427 1192 1787 1251 adorandam
1826 1195 2059 1255 nudatis
2113 1198 2371 1276 pedibus,
2425 1200 2638 1279 incipi·

1426 1279 1571 1330 entes
1598 1292 1636 1328 a
1670 1292 1766 1329 ma
1781 1273 1994 1331 'or-ibus.

1480 1348 1685 1407 Finito
1770 1351 1948 1408 salmo
1975 1372 2104 1409 cum
2124 1352 2484 1431 Antiphona,
2502 1376 2636 1414 can·

1428 1434 1575 1485 tetwr
1611 1448 1834 1504 sequens
1866 1429 2105 1507 hymnus
2131 1451 2168 1488 a
2209 1432 2419 1491 duobus
2457 1455 2638 1492 sacer-

1428 1505 1648 1562 dotibus
1663 1507 1895 1563 interim
1909 1507 2218 1566 sedentibus
2231 1511 2404 1585 juata
2423 1533 2637 1571 crucem

1428 1584 1593 1640 modo
1617 1584 1961 1660 supradicte.
2361 1585 2367 1590 ’

1507 1661 1792 1737 Hymnus,
1809 1661 1969 1720 Crux
1989 1662 2190 1721 fidelis.
2266 1662 2487 1721 Chorus
2503 1687 2634 1723 eun-

1429 1737 1555 1795 dem
1571 1746 1780 1819 repetat
1795 1747 1924 1816 post
1939 1760 2382 1817 unumquemque
2409 1742 2637 1801 Versum

1429 1816 1660 1873 interim
1675 1817 1925 1875 sedendo,
1955 1817 2012 1875 -Ι
2007 1825 2113 1875 tem
2127 1820 2426 1877 sacerdotes
2441 1821 2638 1879 dicant

1431 1895 1626 1973 Pange
1661 1894 1869 1973 lingua.
1967 1893 2037 1953 V.
2080 1896 2170 1955 De
2212 1898 2477 1975 parentis.
2572 1899 2634 1958 V.

1429 1972 1561 2031 Hoc
1612 1994 1766 2051 opus,
1879 1974 1940 2032 V.
1988 1973 2228 2041 Quando
2277 1976 2451 2035 venit.
2570 1977 2634 2035 V.

1430 2217 1540 2273 Hic
1562 2224 1789 2288 acetum,
1814 2218 1902 2287 fel,
1929 2220 2151 2290 arundo,

1499 2296 1673 2361 sputa,
1699 2290 1877 2359 clavis,
1904 2290 2124 2359 lancea;

1431 2359 1568 2414 Mite
1591 2378 1781 2443 corpus
1803 2361 2113 2433 perforatur,

1500 2448 1719 2502 sanguis
1743 2432 1892 2485 unda
1915 2432 2134 2503 profluit
2153 2453 2165 2502 ς

1429 2501 1604 2569 Terra,
1703 2509 1845 2571 ntuS,
1873 2508 2031 2570 astra,
2060 2505 2310 2574 mundus,

1499 2590 1605 2641 quo
1650 2579 1883 2627 avantur
1907 2571 2145 2629 flumine.

1427 2660 1612 2713 Gloria
1635 2666 1689 2713 et
1712 2660 1883 2713 honor
1907 2659 2019 2712 Deo

1429 2728 2056 2853 σέἒἯέἓ-ῗῖπῗῖἶίωέῗο
2077 2746 2088 2794 ³

1498 2869 1685 2922 inclito
1710 2816 1977 2922 Paradlilto

1427 2939 1530 2993 Oui
1554 2939 1672 2993 laus
1696 2946 1776 2994 est
1799 2945 1854 2992 et
1877 2945 2112 3010 potestas

1499 3027 1594 3083 per
1616 3017 1821 3065 aeterna
1844 3009 2054 3063 saecula.

1498 3111 1640 3164 Dum
1666 3110 1949 3164 fabricator
1982 3107 2173 3161 mundi
2211 3107 2398 3160 mortis
2430 3108 2630 3180 suppli-

1426 3182 1568 3236 cium
1619 3186 1890 3253 pateretur
1924 3180 1981 3232 in
2019 3195 2185 3247 cruce,
2223 3176 2463 3232 clamans
2509 3195 2633 3233 voce

1427 3270 1626 3322 magna
1659 3251 1884 3307 tradidit
1918 3250 2182 3321 spiritum,
2220 3253 2277 3301 et
2310 3265 2428 3302 ecce
2451 3249 2629 3304 velum

1426 3323 1618 3395 templi
1659 3323 1877 3376 scissum
1903 3326 2009 3389 ¹est,
2048 3325 2404 3373 monumenta
2446 3326 2634 3390 aperta

1427 3400 1570 3462 sunt,
1622 3398 1778 3447 terrae
1820 3397 1998 3445 motus
2043 3390 2190 3444 enim
2237 3389 2410 3443 factus
2454 3390 2631 3443 fuerat

1427 3481 1670 3534 magnus,
1697 3464 1824 3533 quia
1842 3468 2066 3516 mortem
2091 3459 2216 3513 Filii
2243 3459 2340 3514 Dei
2363 3460 2633 3514 clamabat

1427 3535 1663 3588 mundus
1686 3552 1741 3587 se
1763 3533 2023 3587 sustinere
2046 3549 2155 3584 non
2180 3548 2342 3602 posse.

1500 3605 1552 3658 A
1593 3611 1706 3659 erto
1723 3621 1846 3675 ergo
1864 3603 2053 3657 militis
2072 3603 2256 3656 lancea
2278 3601 2443 3655 latere
2460 3600 2626 3655 cruci-

1426 3675 1522 3728 fixi
1556 3623 1793 3743 gemini,
1833 3674 2001 3729 exivit
2028 3672 2247 3744 sanguis
2287 3678 2342 3726 et
2373 3689 2527 3741 aqua,
2566 3671 2627 3725 in

1425 3746 1845 3817 redemptionem
1869 3744 2057 3799 salutis
2081 3749 2313 3797 nostrae..

1499 3816 1545 3871 Ο
1580 3816 1893 3870 admirabile
1933 3815 2166 3887 pretium
2207 3812 2362 3883 cujus
2396 3811 2630 3884 pondere

1425 3887 1707 3957 captivitas
1740 3887 2016 3956 redempta
2046 3891 2127 3939 est
2162 3883 2368 3951 mundi,
2394 3889 2630 3937 tartarea

1425 3958 1695 4011 confracta
1740 3962 1869 4011 sunt
1910 3957 2147 4011 claustra
2181 3953 2391 4022 inferni,
2441 3959 2631 4025 aperta

1425 4034 1507 4082 est
1543 4028 1696 4081 nobis
1725 4027 1900 4098 janua
1933 4026 2100 4098 regni.
2174 4025 2379 4098 Aperto
2414 4040 2629 4094 erga—-

1431 4099 1596 4153 Grad.
1670 4099 1897 4151 Process.
2540 4167 2545 4171 ¹

1424 4169 1460 4202 ἥ
1495 4169 1586 4222 hoc
1608 4167 2007 4222 Μαῖα-(ἰωὰ.

1422 4239 1459 4309 †
1490 4241 1722 4309 =‹Jradum
1744 4239 1933 4292 altaris
1944 4239 2110 4304 juxta
2135 4235 2535 4308 quem—GM.
