2975 5009
226 206 352 270 651

223 387 456 450 oratam,
487 398 602 437 non
630 380 891 438 obstante
918 379 964 437 si
1005 380 1164 459 prius
1191 400 1313 439 sum
1355 382 1432 440 sit

219 467 411 518 autem
438 457 649 516 affectu
676 465 765 517 est
804 457 1074 535 quaelibet
1114 460 1287 518 missa
1367 480 1427 518 a·

221 537 407 596 benda
438 545 497 595 et
529 536 770 595 dicenda
804 556 838 594 a
874 556 1206 615 quocunque
1243 557 1426 596 sacer·

220 616 371 686 dote,
402 613 558 693 quasi
596 615 781 693 prima
804 615 1024 674 dicatur
1050 626 1110 674 et
1138 636 1426 694 nunquam

220 694 462 771 amplius
506 693 583 752 sit
622 693 879 753 dicenda.
961 694 1103 752 Tam
1151 715 1424 773 magnum

220 772 371 832 enim
391 774 603 830 donum
620 791 846 849 semper
865 771 1038 831 debet
1055 792 1172 831 esse
1194 793 1422 832 novum.

298 850 533 909 Habeat
558 850 749 927 itaque
776 850 1033 909 sacerdos
1068 850 1422 929 diligentiam

217 929 290 988 ad
316 928 747 1001 conficiendum,
777 927 1154 988 reverentiam
1180 930 1254 988 ad
1292 939 1422 988 tan-

258 1008 486 1079 endum,
506 1016 567 1066 et
588 1007 946 1067 devotionem
968 1007 1040 1065 ad
1062 1009 1420 1067 sumendum.

262 1085 314 1145 ic
348 1086 645 1145 sentiendo
683 1095 746 1145 et
778 1086 1014 1164 agendo,
1057 1086 1229 1165 digne
1269 1095 1421 1146 trac-

216 1165 433 1224 tabitur
474 1171 911 1233 sacramentum,
955 1165 1068 1223 rite
1115 1175 1421 1243 peragetur

216 1242 484 1315 officium,
532 1250 702 1320 atque
754 1241 1003 1320 pericula
1053 1248 1115 1300 et
1160 1243 1423 1303 scandala

219 1321 605 1381 evitabuntur.

295 1400 447 1458 Item
495 1400 555 1457 in
596 1398 859 1460 Collectis
901 1397 1155 1458 dicendis
1194 1419 1419 1479 semper

213 1478 401 1556 impar
418 1498 687 1536 numerus
706 1478 1052 1536 observetur.
1093 1477 1233 1536 Una
1247 1498 1416 1556 prop-

213 1565 307 1614 ter
338 1557 617 1615 unitatem
660 1555 922 1615 Deitatis.
1003 1555 1145 1615 Tres
1185 1565 1418 1635 propter

211 1634 530 1694 trinitatem
549 1653 937 1713 personarum.
967 1633 1229 1711 Quinque
1246 1654 1413 1714 prop-

211 1721 303 1772 ter
314 1712 832 1792 quinquepartitam
846 1712 1159 1790 passionem
1175 1711 1312 1772 Chri
1319 1714 1411 1772 sti.

213 1791 447 1871 Septem
488 1799 722 1870 propter
750 1789 1138 1870 septiformem
1170 1792 1410 1870 gratiam

210 1868 456 1949 Spiritus
490 1869 701 1929 Sancti.
785 1869 1183 1948 Septenarium
1213 1891 1413 1929 nume·

210 1968 340 2006 rum
370 1948 647 2008 excedere
674 1968 788 2007 non
814 1947 966 2006 licet.

292 2027 468 2099 Item,
488 2027 929 2104 quandocunque
946 2027 1125 2085 oratio
1144 2025 1411 2106 dirigitur

207 2105 388 2163 solum
415 2106 488 2163 ad
530 2104 783 2176 Patrem,
810 2105 871 2161 in
900 2104 1015 2165 fine
1042 2105 1265 2164 dicatur
1291 2106 1411 2164 Per

206 2183 525 2241 Dominum
561 2191 812 2240 nostrum
852 2182 908 2239 J
900 2203 1052 2240 esum
1098 2182 1407 2241 Christum.

206 2259 267 2318 Si
289 2281 424 2319 vero
444 2261 710 2339 dirigitur
728 2260 801 2317 ad
830 2261 1085 2330 Patrem,
1106 2269 1166 2319 et
1194 2262 1408 2319 mentio

207 2339 278 2398 fit
322 2339 453 2397 Filii
494 2339 554 2395 in
595 2340 735 2415 ipsa,
776 2338 836 2395 in
877 2338 995 2396 fine
1035 2339 1256 2396 dicatur
1288 2338 1408 2396 Per

206 2417 441 2475 ewndem
506 2414 830 2475 Dominum
890 2423 1142 2473 nostrum
1207 2415 1263 2474 J
1255 2436 1408 2474 esum

210 2493 516 2554 Christum.
599 2494 660 2554 Si
701 2501 891 2552 autem
919 2494 1101 2552 oratio
1139 2494 1407 2572 dirigitur

205 2574 385 2631 solum
411 2574 483 2631 ad
523 2572 752 2642 Filium,
780 2573 840 2629 in
869 2572 987 2630 fine
1025 2572 1247 2631 dicatur
1290 2571 1408 2642 Qui

202 2672 330 2709 cum
372 2651 560 2708 eodem
599 2652 776 2708 Patre
811 2658 861 2708 et
909 2649 1138 2728 Spiritu
1178 2650 1402 2711 Sancto,

203 2730 284 2789 Et
319 2730 368 2787 si
407 2730 625 2789 mentio
660 2729 904 2807 Spiritus
945 2730 1138 2790 Sancti
1178 2729 1241 2786 in
1268 2749 1404 2808 qua-

203 2828 422 2885 cunque
451 2808 707 2866 oratione
743 2807 865 2879 fiat,
895 2808 954 2865 in
982 2806 1100 2865 fine
1138 2809 1401 2878 dicatur‚a

202 2887 447 2961 ejusdem
484 2886 741 2964 Spiritus
787 2884 986 2944 Sancti
1026 2883 1205 2944 Deus,
1288 2883 1406 2943 Per

204 2966 399 3023 omnia
424 2966 627 3023 saecula
652 2963 995 3023 soeculorum.
1078 2966 1288 3022 Amen.

284 3122 659 3217 Incipiunt
678 3124 997 3195 ''cauteloe
1015 3122 1407 3195 servandaeb

198 3222 376 3318 quid
400 3224 758 3316 ayendum
776 3225 865 3295 sit
889 3224 1083 3295 circa
1108 3223 1406 3317 defectus

201 3324 301 3394 vel
339 3347 541 3393 casus
590 3324 718 3417 qui
765 3324 952 3395 oriri
984 3334 1283 3416 possunt
1322 3323 1404 3393 in

200 3422 438 3511 missa,
478 3433 538 3493 et
572 3424 971 3515 praesertim
1017 3422 1209 3491 circa
1244 3446 1403 3491 con-

197 3522 648 3592 secrationem
681 3519 1135 3591 eucharistius.

301 3619 567 3710 Primo,
640 3620 818 3713 quid
883 3618 973 3688 sit
1042 3618 1274 3711 ayend
1278 3644 1398 3688 um

198 3745 358 3791 cum
394 3719 713 3790 sacerdos
746 3730 771 3759 ‘³
790 3716 1073 3809 deficit.‘²

266 3818 342 3890 ,Si
386 3816 641 3874 sacerdos
688 3814 918 3873 deficiat
959 3815 1075 3872 sive
1123 3814 1396 3872 moriatur

198 3902 332 3953 ante
351 3893 661 3963 Canonem,
685 3912 798 3949 non
821 3902 908 3950 est
928 3911 1149 3951 necesse
1170 3901 1235 3950 ut
1254 3892 1394 3949 alius

198 3974 425 4030 missam
453 3969 747 4047 compleat.
805 3970 865 4030 Si
896 3978 1085 4029 tamen
1112 3969 1252 4029 alius
1272 3969 1393 4027 vult

1168 223 1523 272 OAU'PELAE
1555 223 1808 274 MISSAE.

2622 214 2753 277 652

1615 378 1677 438 Si
1702 389 1896 473 autem
1936 381 1997 439 in
2038 382 2269 443 Cauone
2307 384 2558 459 deficiat,
2585 383 2749 444 factis

1529 458 2243 600 {aii-lanigfflltffnlltiatigigssffi
2260 508 2328 599 ‘et
2347 471 2748 602 {affigssoeffi‘ff

1535 634 1705 674 onem
1731 618 2068 676 sacramenti
2095 641 2109 677 ε
2152 629 2290 678 tunc
2316 618 2459 677 alius
2485 621 2749 679 sacerdos

1531 694 1602 751 ab
1648 692 1756 752 illo
1807 693 1930 754 loco
1982 697 2077 754 ubi
2131 696 2227 756 ille
2278 699 2503 758 dimisit
2568 700 2745 757 debet

1531 771 1864 850 reincipere,
1909 782 1967 833 et
2007 782 2233 834 tantum
2280 776 2422 834 illud
2469 776 2740 855 supplere

1533 850 1683 927 quod
1711 851 1977 909 omissum
2007 862 2111 911 est.

1608 927 1671 988 Si
1686 938 1880 987 autem
1899 931 2159 990 sacerdos
2175 931 2234 989 in
2251 942 2380 991 actu
2398 933 2740 992 consecrati-

1529 1006 1652 1063 onis
1692 1006 1941 1081 deficiat,
1971 1011 2156 1069 verbis
2193 1010 2474 1090 aliquibus
2507 1012 2631 1090 jam
2670 1013 2737 1070 in

1526 1092 1692 1163 parte
1734 1085 1969 1163 prolatis
2011 1090 2114 1147 sed
2155 1087 2216 1146 in
2260 1100 2383 1148 toto
2426 1110 2543 1148 non
2583 1110 2738 1148 com-

1526 1160 1735 1239 pletis3
1777 1166 2084 1223 secundum
2131 1166 2557 1240 Innocentium,
2593 1168 2741 1226 alius

1524 1241 1809 1389 323&sz
1824 1242 2005 1332 ’debet
2049 1245 2302 1323 incipere
2348 1249 2422 1305 ab
2466 1246 2563 1305 illo
2610 1246 2741 1305 loco

1620 1339 1644 1375 i
1660 1340 1766 1396 pri
1808 1342 1878 1378 ie.

1604 1396 1666 1456 Si
1721 1406 1919 1458 tamen
1970 1401 2228 1461 sacerdos
2294 1402 2543 1474 deficiat,
2597 1423 2735 1462 con-

1523 1483 1740 1534 secrato
1791 1497 2027 1556 corpore
2077 1481 2179 1538 sed
2234 1501 2348 1539 non
2405 1482 2684 1560 sanguine
2717 1505 2734 1542 ε

1521 1550 1664 1611 alius
1678 1556 1936 1614 sacerdos
1951 1556 2229 1635 compleat
2244 1562 2734 1619 consecrationem

1521 1633 1827 1766 sanguinis,
1850 1635 2125 1713 incipiens
2152 1639 2223 1696 ab
2250 1636 2349 1696 illo
2376 1638 2499 1697 loco
2524 1637 2736 1697 Simili

1520 1729 1610 1767 mo
1652 1732 1702 1768 o.

1607 1787 1685 1860 Si,
1746 1800 2071 1851 consecrato
2127 1812 2378 1872 corpore,
2450 1794 2736 1874 percipiat

1522 1866 1718 1925 vinum
1746 1887 1860 1925 non
1882 1889 2002 1929 esse
2028 1873 2087 1927 in
2109 1872 2300 1930 calice:
2341 1875 2519 1933 debet
2545 1873 2737 1932 hostia

1519 1946 1731 2005 munde
1771 1949 1968 2025 reponi
2007 1949 2068 2005 in
2109 1952 2407 2028 corporali,
2442 1960 2519 2024 et,
2555 1952 2732 2011 calice

1518 2023 1629 2083 rite
1718 2035 2016 2102 raeparatO,
2066 2026 2297 2106 incipiat
2339 2033 2412 2089 ab
2460 2030 2556 2089 illo
2604 2031 2731 2089 loco

1518 2044 1723 2160 simii}
1747 2104 1929 2162 mode.

1597 2180 1660 2242 Si
1713 2191 1847 2240 ante
1900 2186 2382 2244 consecrationem
2430 2186 2728 2266 sanguinis

1515 2258 1792 2337 percipiat
1835 2280 2037 2337 aquam
2085 2281 2200 2320 non
2248 2284 2369 2323 esse
2415 2266 2479 2323 in
2526 2265 2723 2340 calice,

1513 2337 1687 2396 debet
1711 2338 1902 2396 statim
1930 2359 2215 2419 apponere
2243 2351 2302 2401 et
2328 2344 2629 2404 conficere.

1566 2416 1624 2475 Si
1646 2423 1836 2475 autem
1855 2428 1983 2495 post
1999 2421 2477 2481 consecrationem
2495 2422 2720 2501 sangui-

1512 2493 1599 2551 nis
1625 2494 1900 2572 percipiat
1919 2497 2069 2574 quod
2089 2518 2235 2577 aqua
2253 2498 2404 2558 desit
2431 2501 2491 2558 in
2519 2500 2714 2574 calice3

1511 2571 1682 2630 debet
1698 2572 2063 2634 nihilominus
2080 2578 2404 2655 procedere,
2425 2598 2530 2638 nec
2544 2580 2719 2639 debet

1511 2649 1746 2709 miscere
1804 2671 2007 2729 aquam
2059 2674 2186 2714 cum
2241 2657 2535 2735 sanguine,
2583 2658 2719 2735 quia

1509 2747 1614 2806 pro
1653 2739 1816 2806 parte
1842 2741 2174 2809 sequeretur
2215 2736 2506 2814 corruptio
2531 2756 2714 2795 sacra-

1510 2809 1728 2879 menti3
1784 2808 1956 2868 debet
1995 2818 2189 2870 tamen
2229 2815 2487 2873 sacerdos
2520 2814 2716 2875 dolere

1509 2892 1569 2943 et
1594 2886 1800 2963 puniri.

1589 2964 1651 3022 Si
1704 2971 1833 3041 post
1883 2967 2360 3028 consecrationem
2425 2972 2715 3050 sanguinis

1509 3041 1787 3120 percipiat
1812 3043 1963 3120 quod
1995 3045 2187 3105 vinum
2215 3067 2329 3105 non
2356 3046 2533 3108 fuerit
2560 3051 2710 3129 posi-

1507 3128 1630 3178 tum
1678 3121 1777 3179 sed
1819 3141 1964 3199 aqua
2005 3132 2227 3184 tantum
2270 3125 2329 3182 in
2369 3126 2582 3200 calice;
2637 3130 2713 3186 si-

1506 3198 1734 3275 quidem
1764 3197 1869 3257 hoc
1895 3202 2138 3280 percipit
2163 3212 2297 3262 ante
2323 3207 2708 3284 sumptionem

1505 3278 1773 3355 corporiS‚
1817 3278 1990 3337 debet
2042 3301 2247 3359 aquam
2293 3282 2602 3360 deponere,
2651 3294 2713 3343 et

1505 3354 1794 3433 imponere
1812 3356 2006 3415 vinum
2023 3379 2150 3416 cum
2167 3380 2328 3438 aqua,
2341 3371 2400 3420 et
2417 3382 2708 3422 resumere

1503 3434 1976 3493 consecrationem
2018 3439 2302 3517 sanguinis
2336 3442 2409 3500 ab
2449 3440 2550 3499 illo
2587 3441 2709 3500 loco

1509 3510 1707 3569 Simili
1735 3512 1914 3570 modo.

1580 3587 1641 3648 Si
1666 3653 1672 3658 ‚
1681 3590 1957 3667 percipiat
1996 3592 2102 3652 hoc
2147 3603 2276 3672 post
2313 3596 2699 3675 sumptionem

1499 3668 1765 3745 corporiS,
1781 3668 1952 3727 debet
1969 3690 2255 3750 apponere
2274 3673 2346 3732 de
2367 3694 2516 3733 novo
2535 3675 2700 3733 aliam

1500 3743 1741 3803 hostiam
1794 3747 2003 3806 iterum
2056 3771 2185 3809 cum
2238 3752 2513 3830 sanguine
2570 3774 2700 3812 con-

1499 3824 1848 3897 secrandam,
1902 3830 2209 3887 secundum
2272 3830 2533 3889 doctores
2588 3842 2614 3871 e
2639 3832 2699 3888 in

1497 3921 1655 3960 sacra
1680 3904 1909 3981 pagina3
1951 3904 2124 3965 debet
2149 3914 2340 3967 autem
2359 3921 2385 3951 e
2410 3929 2700 3968 resumere

1499 3982 1672 4038 verba
1705 3984 2140 4042 consecrationis
2179 3988 2252 4044 ab
2293 3984 2392 4043 illo
2430 3986 2553 4046 loco
2582 3987 2702 4058 Qui

195 4049 499 4121 celebrare,
561 4050 731 4107 debet
796 4050 866 4107 ab
932 4049 1098 4109 initio
1162 4049 1390 4108 missam
1487 4057 1732 4133 pridi65
1784 4060 1847 4117 in
1886 4060 2005 4121 fine
2043 4070 2232 4121 autem
2276 4065 2487 4122 iterum
2529 4066 2703 4125 debet

195 4128 527 4207 reincipere,
558 4134 616 4186 et
641 4135 827 4187 totum
853 4127 963 4187 rite
990 4147 1279 4207 peragere.

192 4300 221 4329 ⁸
257 4289 486 4344 et.-—98.
517 4288 611 4344 4L.

193 4362 222 4400 b
257 4361 336 4413 ita
358 4360 444 4413 26.
471 4360 559 4414 Soc.
599 4360 723 4415 aliae
746 4362 1195 4418 cautelae.——55P.

193 4439 217 4468 ⁰
254 4429 639 4485 deficiat.-—94.
676 4430 761 4489 98.
789 4431 885 4486 4L.

1494 4154 1720 4196 sumere
1767 4136 2009 4198 hostiam
2057 4140 2210 4199 illam
2254 4141 2458 4201 ultimo
2506 4164 2698 4202 conse·

1494 4295 1521 4333 d
1548 4300 2306 4360 transubstantialem.-55P.
2326 4306 2698 4361 transubstan-

1493 4367 1680 4420 tialem
1705 4372 1934 4425 et.—26.

1493 4445 1517 4473 e
1553 4440 1783 4493 et.-l5.
