2975 5009
295 266 427 331 283
518 279 741 329 unm».
786 280 1060 329 ’reema
1107 279 1282 330 ros'r
1328 279 1739 329 nommcau
1775 282 1853 329 m
1903 280 2131 330 nAms
2181 279 2614 332 PALMARUM.
2702 267 2815 331 284

291 440 493 496 rabam
534 437 855 497 dimitteret
882 437 980 495 eis,
1064 434 1282 494 Pilatus
1320 444 1515 495 autem

291 516 505 575 iterum
543 516 912 595 respondenS,
951 514 1032 573 ait
1072 513 1217 585 illis3
1266 535 1321 571 a.
1352 514 1513 582 Quid

293 613 432 673 ergo
484 593 660 652 vultis
704 593 903 651 faciam
949 593 1072 671 regi
1126 592 1170 652 J
1171 593 1513 653 udaeorumi

293 691 370 729 m.
401 673 485 731 At
511 671 592 729 illi
621 673 831 731 iterum
851 670 1264 743 clamaverunt3
1294 691 1349 728 α.
1369 671 1514 729 Cru-

295 749 462 829 cifige
510 770 659 808 eum.
740 770 818 807 m.
855 748 1074 807 Pilatus
1113 769 1251 807 vero
1289 749 1515 809 dicebat

296 828 412 902 eis;
441 850 496 885 a.
528 828 679 896 Quid
709 828 865 886 enim
897 827 1031 885 mali
1058 825 1241 887 fecit?
1319 847 1397 885 m.
1429 828 1516 887 At

296 906 380 964 illi
396 908 576 985 magis
597 906 918 965 clamabant
940 926 956 976 ;
979 924 1033 963 α.
1052 905 1262 965 Crucifl
1306 926 1338 964 e
1359 925 1511 964 eum.

296 1006 372 1043 m.
404 984 625 1045 Pilatus
652 994 843 1042 autem
874 985 1067 1042 volens
1108 1004 1255 1062 popu
1281 1003 1315 1041 o
1350 985 1516 1042 satis-

298 1063 499 1133 facere,
572 1063 794 1121 dimisit
867 1060 980 1121 illis
1054 1061 1385 1131 Barrabam,
1453 1070 1515 1121 et

299 1142 541 1200 tradidit
567 1150 596 1179 ⁸
615 1141 695 1200 eis
715 1149 744 1178 ⁸
780 1140 824 1199 J
825 1160 981 1200 esum
1010 1140 1253 1219 flagellis
1284 1160 1515 1211 caesum,

299 1228 366 1278 ut
381 1220 828 1297 crucifigeretur.
913 1218 1137 1278 Milites
1153 1226 1346 1277 autem
1365 1218 1516 1275 dux·

301 1307 471 1358 erunt
496 1318 626 1357 eum
648 1296 677 1334 Β
696 1298 847 1355 intro
864 1297 893 1335 b
918 1297 977 1354 in
998 1299 1209 1355 atrium
1239 1297 1513 1375 praetorii‚

303 1386 362 1436 et
402 1384 710 1434 convocant
749 1384 930 1433 totam
973 1375 1284 1446 cohortem,
1331 1386 1390 1434 et
1425 1375 1515 1431 in-

303 1456 489 1514 duunt
528 1474 657 1513 eum
702 1473 973 1544 purpura,
1016 1461 1075 1512 et
1115 1453 1420 1531 imponunt
1459 1454 1513 1511 ei

302 1533 616 1613 plectentes
642 1552 898 1610 spmeam
932 1551 1215 1589 coronam.
1298 1531 1378 1590 Et
1403 1552 1514 1589 οω-

345 1619 512 1670 erunt
551 1611 794 1668 salutare
836 1631 1011 1682 eum3
1063 1618 1087 1648 ⁰
1116 1630 1169 1666 a.
1211 1609 1360 1680 Ave,
1406 1629 1516 1668 rex

303 1633 658 1749 Rudaeorum.
740 1708 815 1746 m.
839 1688 917 1746 Et
935 1687 1325 1767 percutiebant
1344 1701 1514 1765 caput

307 1769 428 1845 ejus
469 1767 785 1825 arundine:
833 1776 891 1825 et
936 1769 1318 1844 conspuebant
1358 1787 1510 1838 eum,

307 1856 366 1906 et
416 1854 693 1926 ponentes
737 1864 940 1922 genua,
994 1844 1308 1903 adorabant
1359 1864 1510 1903 eum.

307 1925 386 1984 Et
426 1933 723 2003 postquam
763 1921 1062 1982 illuserunt
1105 1923 1176 1993 ei,
1230 1931 1515 1980 exuerunt

308 2002 467 2060 illum
510 2021 778 2080 purpura,
808 2010 867 2060 et
892 2001 1202 2058 induerunt
1233 2020 1363 2058 eum
1391 2020 1513 2058 ves·

309 2081 565 2139 timentis
619 2080 776 2138 suis:
832 2088 891 2138 et
942 2079 1187 2137 educunt
1233 2076 1392 2135 illum
1446 2087 1515 2137 ut

309 2160 706 2236 crucifigerent
742 2178 891 2215 eum.
972 2156 1052 2214 Et
1076 2156 1514 2233 angariaverunt

312 2245 753 2316 praetereuntem
829 2234 1151 2311 quempiam
1220 2234 1512 2293 Simonem

314 2315 654 2391 Cyrenaeum
683 2314 1004 2371 venientem
1025 2311 1097 2369 de
1121 2311 1267 2381 villa,
1290 2319 1512 2388 patrem

313 2392 626 2452 Alexandri
657 2399 716 2449 et
743 2390 916 2462 Ruffi,
945 2400 1010 2446 ut
1036 2388 1263 2448 tolleret
1289 2410 1513 2448 crucem

312 2472 450 2547 ejuS.
532 2470 609 2528 Et.
633 2471 945 2547 perducunt
965 2466 1122 2525 illum
1146 2469 1205 2524 in
1231 2467 1518 2546 Golgotha

312 2549 532 2607 locum:
580 2548 731 2625 quod
778 2555 863 2605 est
904 2548 1341 2623 interpretatum
1389 2546 1518 2604 Cal-

309 2628 484 2685 variae
550 2625 716 2683 locuS.
824 2623 902 2683 Et
953 2625 1165 2682 dabant
1217 2626 1270 2683 ei
1327 2625 1518 2683 bibere

311 2704 673 2780 myrrhatum
726 2703 952 2761 vinum:
1012 2710 1070 2761 et
1117 2722 1231 2760 non
1278 2704 1513 2781 accepit.

312 2783 393 2842 Et
417 2783 810 2860 crucifigentes
836 2802 987 2851 eum,
1007 2781 1318 2839 diviserunt
1346 2781 1515 2840 vesti-

312 2872 509 2921 menta
560 2863 698 2940 ejus,
746 2861 1040 2919 mittentes
1084 2868 1293 2918 sortem
1348 2878 1517 2937 super

312 2941 409 3011 eis,
452 2940 576 3018 quis
622 2939 757 3016 quid
805 2938 1047 2997 tolleret.
1132 2938 1276 2996 Erat
1321 2947 1514 2995 autem

311 3017 453 3076 hora
504 3019 719 3076 tertia:
799 3025 860 3077 et
910 3015 1317 3075 crucifixerunt
1362 3036 1512 3074 eum.

311 3095 392 3154 Et
431 3106 554 3155 erat
594 3096 790 3155 titulus
815 3115 994 3154 causoe
1022 3094 1139 3171 ejus
1177 3094 1511 3171 inscriptus:

314 3174 446 3232 Rex
485 3176 837 3233 Judaeorum.
935 3173 1014 3231 Et
1061 3192 1189 3228 cum
1231 3191 1298 3230 eo
1337 3172 1515 3229 cruci·

312 3252 502 3332 figunt
535 3253 673 3311 duos
713 3252 987 3310 latrones:
1031 3270 1206 3307 unum
1235 3269 1271 3307 a
1295 3250 1516 3309 dextris

312 3340 373 3389 et
390 3331 562 3389 alium
579 3353 613 3388 a
633 3330 871 3388 sinistris
891 3329 1029 3406 ejus.
1110 3328 1189 3386 Et
1209 3327 1519 3407 adimpleta

312 3418 400 3468 est
425 3411 701 3489 scriptura
719 3428 846 3487 quae
865 3407 1005 3465 dicit
1024 3426 1039 3476 ;
1063 3405 1139 3463 Et
1158 3425 1284 3463 cum
1311 3406 1516 3484 iniquis

310 3498 603 3566 reputatus
643 3496 746 3545 est.
827 3486 906 3544 Et
934 3491 1347 3562 praetereuntes
1374 3486 1517 3542 blas-

312 3566 659 3644 phemabant
685 3583 836 3634 eum,
869 3569 1158 3619 moventes
1185 3562 1372 3639 capita
1397 3583 1515 3633 sua,

314 3653 374 3703 et
433 3645 724 3713 dicentes3
796 3662 851 3698 α.
904 3637 1058 3709 Vah,
1110 3639 1206 3716 qui
1272 3639 1518 3698 destruis

311 3723 590 3801 templum
646 3721 772 3790 Dei,
841 3725 902 3776 et
952 3715 1014 3772 in
1074 3718 1256 3775 tribus
1320 3717 1519 3776 diebus

312 3801 626 3860 reaedificas
658 3796 840 3855 “illud
860 3817 876 3865 ;
894 3793 925 3833 ‘¹
961 3793 1175 3852 salvum
1202 3793 1289 3853 fac
1313 3803 1520 3855 temet-

311 3880 516 3958 ipsum,
535 3876 879 3936 descendens
903 3873 976 3930 de
995 3891 1174 3931 cruce.
1243 3893 1317 3929 m.
1349 3874 1520 3932 Simi-

313 3957 448 4016 liter
487 3965 547 4015 et
587 3954 794 4013 summi
836 3950 1154 4010 sacerdotes
1200 3949 1519 4023 illudentes,

310 4037 386 4094 ad
423 4033 761 4093 alterutrum
813 4049 941 4088 cum
976 4028 1171 4087 scribis
1216 4030 1516 4102 dicebant3

314 4135 371 4172 α.
424 4112 586 4171 Alios
643 4108 823 4168 salvos
880 4106 1029 4180 fecit,
1096 4106 1339 4186 seipsum
1402 4128 1517 4167 non

313 4283 341 4313 ⁸
375 4291 487 4330 non
512 4272 714 4327 habent
738 4268 822 4322 92.
844 4266 929 4326 97.
951 4265 1034 4321 98.
1055 4265 1152 4321 4L.
1182 4266 1246 4321 V.

313 4346 342 4384 b
378 4363 487 4399 non
510 4344 716 4398 habent
739 4340 823 4395 97.
854 4338 937 4392 15.
964 4337 1050 4391 26.

314 4426 339 4454 e
375 4415 610 4468 dieentes
628 4411 795 4465 ——4L.
825 4408 908 4463 13.
938 4407 1021 4462 15.
1050 4407 1135 4462 57.

314 4485 343 4523 ‘¹
380 4502 490 4538 non
515 4485 714 4537 habent
739 4481 823 4535 92.
851 4478 936 4533 97.
965 4476 1050 4532 98.
1068 4476 1137 4530 V.

1697 444 1811 496 test
1851 435 2069 495 salvum
2123 436 2323 498 facere.
2422 437 2682 498 Christus
2723 457 2813 497 rex

1663 513 1806 574 srael
1846 515 2155 575 descendat
2206 537 2355 575 nunc
2406 518 2481 575 de
2535 536 2713 588 cruce,
2759 525 2813 573 ut

1624 593 1918 652 videamus
1972 602 2032 653 et
2081 595 2391 654 credamus.
2485 615 2563 652 m.
2608 596 2686 654 Et
2731 594 2811 672 qui

1624 691 1751 729 cum
1779 692 1847 731 eo
1874 672 2131 731 crucifixi
2170 682 2352 744 erant,
2378 673 2814 731 conviciabantur

1626 750 1698 808 ei.
1807 751 1888 809 Et
1941 751 2089 809 facta
2152 750 2294 809 hora
2344 760 2531 823 sexta,
2579 754 2812 810 tenebras

1624 827 1789 887 factae
1815 837 1949 886 sunt
1975 850 2079 907 per
2103 838 2282 889 totam
2310 838 2525 888 terram
2565 849 2734 906 usque
2761 830 2812 886 in

1625 905 1824 964 horam
1877 927 2105 965 nonam.
2215 908 2293 966 Et
2346 907 2489 965 hora
2539 927 2689 966 nona
2728 926 2814 965 ex-

1625 984 1889 1043 clamavit
1934 985 1977 1044 J
1978 1006 2103 1045 esus
2141 1005 2277 1045 voce
2328 1006 2554 1064 magna,
2598 987 2816 1056 dicens3

1626 1064 1675 1120 b.
1756 1063 1967 1139 Heloy,
2045 1061 2256 1140 Heloy‚
2331 1065 2815 1122 lamazabathani?

1625 1160 1700 1198 m.
1730 1141 1895 1209 Quod
1936 1150 2025 1200 est
2064 1142 2546 1220 interpretatum3
2598 1144 2645 1200 b.
2675 1143 2818 1201 Deus

1626 1238 1803 1291 mene,
1833 1219 1988 1278 Deus
2024 1240 2200 1289 meuS,
2229 1229 2294 1279 ut
2320 1222 2457 1298 quid
2484 1220 2818 1298 dereliquisti

1626 1299 1762 1356 me?
1863 1317 1940 1355 m.
1969 1298 2049 1357 Et
2087 1299 2317 1376 quidam
2353 1301 2428 1358 de
2468 1300 2820 1357 circumstan-

1626 1376 1778 1433 tibus
1828 1376 2140 1448 audientes,
2196 1377 2507 1448 dicebant3
2576 1398 2632 1435 a.
2687 1377 2821 1436 Ecce

1627 1453 1859 1512 Heliam
1880 1462 2056 1513 vocat.
2098 1476 2173 1512 m.
2195 1455 2443 1515 Currens
2463 1465 2654 1514 autem
2672 1474 2821 1526 unus,

1625 1539 1686 1589 et
1737 1532 1981 1611 implens
2033 1534 2325 1611 spongiam
2374 1544 2552 1604 aceto,
2597 1534 2823 1592 circum·

1623 1630 1952 1688 ponensque
1974 1612 2205 1682 calam0,
2234 1620 2430 1690 potum
2453 1612 2627 1670 dabat
2653 1611 2722 1683 ei,
2743 1612 2821 1669 di-

1624 1707 1789 1759 cens;
1846 1710 1900 1746 a.
1941 1690 2144 1760 Sinite,
2200 1691 2490 1748 videamus
2541 1691 2590 1748 si
2644 1692 2825 1749 veniat

1626 1765 1829 1825 Helias
1846 1767 1916 1824 ad
1937 1768 2333 1847 deponendum
2353 1789 2501 1827 eum.
2558 1789 2635 1826 m.
2665 1768 2824 1827 Jesus

1623 1854 1811 1902 autem
1834 1847 2037 1903 emissa
2063 1866 2195 1904 voce
2223 1867 2427 1924 magna
2451 1848 2777 1925 exspiravit.

1704 1923 1850 1980 eHic
1864 1925 1978 1999 fiat
2003 1924 2329 1999 yenufleoeio,
2351 1925 2634 1995 dicendo,⁶
2662 1926 2826 1983 Pater

1624 2010 1836 2069 noster,
1871 2004 1997 2060 Ave
2027 2003 2230 2074 Maria,
2262 2002 2335 2059 In
2366 2023 2567 2060 manus
2594 2015 2735 2060 tuas.

1704 2081 1797 2135 tm.
1827 2080 1907 2138 Et
1935 2079 2119 2138 velum
2151 2081 2354 2159 templi
2394 2083 2625 2139 scissum
2655 2090 2741 2139 est
2767 2082 2823 2137 in

1625 2156 1756 2228 duo,
1775 2178 1809 2214 a
1829 2178 2050 2217 summo
2076 2178 2251 2237 usque
2278 2159 2562 2218 deorsum.
2619 2159 2825 2218 Videns

1623 2246 1812 2294 autern
1861 2236 2153 2308 Centurio,
2190 2239 2284 2315 qui
2325 2258 2400 2296 ex
2440 2238 2679 2297 adverso
2714 2246 2821 2297 sta·

1627 2315 1744 2384 bat,
1781 2315 1912 2391 quia
1941 2314 2021 2372 sic
2052 2314 2296 2373 clamans
2331 2318 2691 2394 exspirasset,
2724 2316 2824 2386 ait;

1625 2411 1681 2448 a.
1740 2392 1898 2451 Vere
1952 2392 2043 2451 hic
2096 2393 2264 2452 homo
2318 2393 2469 2451 filius
2525 2395 2634 2453 Dei
2691 2405 2825 2453 erat.

1626 2489 1701 2526 m.
1734 2470 1919 2529 Erant
1948 2480 2137 2531 autem
2166 2480 2226 2530 et
2252 2471 2515 2531 mulieres
2556 2473 2630 2532 de
2667 2472 2827 2551 longe

1624 2548 1999 2625 aspicientes:
2056 2550 2209 2608 inter
2271 2569 2408 2628 quas
2461 2559 2588 2609 erat
2645 2551 2829 2609 Maria

1625 2625 1967 2702 Magdalene
2007 2636 2067 2686 et
2114 2628 2307 2686 Maria
2349 2628 2553 2687 Jacobi
2600 2629 2827 2687 minoris

1625 2712 1684 2762 et
1720 2704 1937 2783 Joseph
1977 2715 2164 2765 mater
2206 2716 2266 2765 et
2301 2706 2561 2767 Salome:
2606 2717 2668 2765 et
2704 2727 2826 2766 cum

1623 2791 1772 2841 esset
1798 2785 1857 2841 in
1896 2783 2151 2856 Galilaea,
2185 2787 2571 2863 sequebantur
2602 2805 2734 2844 eum
2774 2794 2829 2846 et

1624 2860 2026 2920 ministrabant
2068 2864 2143 2934 ei,
2191 2874 2251 2921 et
2295 2863 2420 2921 aliae
2467 2863 2666 2921 multae
2704 2884 2830 2943 quae

1622 2936 1791 2996 simul
1829 2960 1958 2998 cum
1999 2960 2067 2999 eo
2104 2943 2478 3001 ascenderant
2503 2942 2830 3021 Hierosoly-

1624 3035 1792 3075 mam.

1700 3095 2131 3171 Evanyelium.⁸

1706 3173 1787 3231 Et
1813 3194 1939 3231 cum
1959 3175 2081 3252 jam
2110 3194 2237 3234 sero
2263 3175 2471 3235 factum
2500 3186 2654 3237 esset
2681 3175 2834 3255 (quia

1626 3260 1751 3309 erat
1786 3252 2109 3324 Parasceve,
2144 3254 2293 3329 quod
2334 3264 2421 3312 est
2460 3265 2598 3314 ante
2637 3259 2832 3314 sabba·

1625 3328 1775 3407 tum)
1794 3330 1949 3388 venit
1965 3330 2008 3389 J
2010 3330 2179 3410 oseph
2197 3334 2268 3389 ab
2286 3331 2620 3392 Arimathia
2638 3334 2836 3393 nobilis

1626 3407 1874 3480 decurio,
1966 3409 2023 3466 ui
2066 3420 2126 3468 et
2168 3410 2287 3488 ipse
2335 3419 2460 3468 erat
2502 3420 2836 3490 exspectans

1627 3506 1868 3564 regnum
1972 3487 2043 3558 ei,
2084 3494 2144 3546 et
2179 3488 2445 3546 audacter
2474 3490 2740 3549 introivit
2765 3490 2835 3549 ad

1629 3563 1897 3634 Pilatum,
1920 3573 1977 3623 et
1997 3565 2163 3642 petiit
2178 3586 2378 3645 corpus
2393 3566 2438 3624 J
2439 3588 2556 3625 esu.
2621 3567 2837 3628 Pilatus

1627 3652 1815 3700 autem
1845 3644 2158 3703 mirabatur
2185 3645 2232 3702 si
2254 3647 2376 3722 jam
2412 3647 2663 3706 obiisset.
2762 3647 2839 3705 Et

1626 3721 1894 3779 accersito
1918 3722 2266 3794 centurione,
2306 3723 2686 3802 interrogavit
2709 3746 2837 3785 eum
2943 3751 2944 3792 ᾗ

1627 3798 1675 3855 si
1707 3799 1830 3875 jam
1870 3808 2124 3859 mortuus
2163 3808 2327 3859 esset.
2410 3801 2488 3859 Et
2536 3823 2667 3860 cum
2711 3824 2840 3880 cog·
2943 3853 2944 3878 ÷

1630 3877 1878 3935 novisset
1914 3897 1949 3934 a
1987 3879 2337 3949 centurione,
2373 3878 2612 3940 donavit
2637 3901 2840 3960 corpus

1629 3953 1673 4012 J
1675 3953 1867 4033 oseph.
1950 3955 1994 4014 J
1995 3956 2167 4035 ose-ph
2190 3967 2381 4015 autem
2411 3969 2696 4018 mercatus
2723 3962 2840 4018 sin-

1628 4032 1835 4091 donem
1864 4041 1923 4092 et
1947 4034 2236 4112 deponens
2268 4055 2416 4107 eum,
2451 4035 2693 4097 involvit
2725 4040 2841 4096 sin-

1628 4111 1796 4183 done,
1846 4119 1905 4170 et
1947 4113 2133 4190 posuit
2178 4132 2307 4172 eum
2349 4114 2411 4170 in
2458 4126 2837 4176 monumento

1630 4279 1653 4307 Θ
1677 4269 1818 4325 hanc
1830 4270 2096 4325 rubricam
2117 4290 2223 4326 non
2241 4273 2445 4327 habent
2454 4274 2541 4329 92.
2554 4275 2743 4332 9497.
2757 4277 2840 4331 98.

1628 4340 1649 4378 ¹
1682 4340 1815 4412 (cap.
1843 4340 1915 4394 xi.
1944 4342 2162 4413 38-41.)

1628 4420 1655 4457 s
1693 4411 1784 4482 (ib.
1813 4429 1859 4465 v.
1887 4411 2107 4483 42-46.)
