2975 5009
195 255 290 321 73
558 270 813 319 sANc'm
858 272 1148 321 rueme.

280 426 668 502 Evanqelium
709 428 903 486 Homo
944 428 1173 506 quidam
1216 429 1419 488 nobilis

198 506 273 563 in
307 504 614 563 Communi
651 507 826 563 unius
869 506 1150 584 Episcopi
1176 516 1225 565 et
1251 508 1421 565 Mar-

199 591 224 641 t
270 584 372 672 ris:
443 582 647 643 Crede.
723 584 1101 659 Offertomum.
1169 593 1419 663 Posuisti,

296 678 456 713 mine.

290 731 535 792 Secreta.

291 810 569 870 Salutaris
608 809 810 869 hostiae
838 831 1040 870 munus
1067 814 1421 885 sacrandum,

134 951 138 956 ,
206 908 555 967 quaesuiiiuS,
613 888 881 960 Domine,
938 892 1133 949 beatus
1179 892 1425 952 Thomas

211 965 489 1028 Pontifex
510 976 570 1024 et
598 967 847 1043 Martyr,
872 969 1031 1025 nobis
1071 970 1144 1027 ad
1183 970 1424 1030 salutem

208 1045 336 1104 fore
391 1047 694 1122 deposcat:
750 1056 816 1104 ut
870 1056 928 1105 et
988 1050 1428 1109 conversationis

210 1124 335 1202 ejus
362 1123 727 1201 experiamur
767 1124 1029 1204 insignia,
1058 1136 1117 1185 et
1156 1128 1427 1189 interces-

1653 274 1890 322 ssx‘rA
1936 276 2064 324 nm
2107 276 2158 323 A
2207 277 2369 324 sm.
2416 277 2570 325 nm.
2662 260 2746 328 74

1533 429 1704 487 sionis
1732 430 1853 508 ejus
1880 431 2253 511 percipiamus
2279 432 2564 513 suffragia.
2630 433 2747 492 Per

1534 507 1867 566 Dominum.

1623 585 1983 644 Commuozio.
2066 584 2272 657 Magna
2294 594 2389 643 est.

1618 662 2095 723 Postcommzmio.

1618 742 1875 820 Adjuvet
1914 763 2016 800 nos
2050 740 2407 818 omnipotens
2436 746 2495 797 et
2522 738 2742 798 miseri·

1538 839 1658 877 cors
1688 820 1843 879 Deus
1912 842 1973 880 er
1994 820 2116 879 haec
2143 829 2334 876 sancta
2358 837 2485 895 quae
2505 817 2743 895 sumpsi-

1540 918 1664 968 mus
1685 900 1835 956 beati
1936 898 2144 976 artyris
2159 897 2243 955 tui
2261 907 2427 973 atque
2448 895 2745 954 Pontificis

1541 976 1779 1034 Thomae
1807 978 2131 1037 intercessio
2159 975 2498 1044 veneranda,
2518 974 2612 1051 qui
2641 993 2747 1051 pro

1542 1054 1625 1111 tui
1693 1056 1936 1113 nominis
1989 1054 2204 1113 honore
2295 1052 2497 1112 lorioso
2539 1051 2747 1109 meruit

1543 1134 1801 1190 coronari
1828 1143 1857 1172 ⁸
1873 1135 2196 1212 martyria*
2256 1074 2386 1192 {er
2412 1130 2742 1189 Dominum.

218 1399 453 1478 Sexta
486 1401 603 1473 die
637 1427 687 1473 a
720 1401 1129 1475 Nativitatis
1162 1403 1486 1497 Domini,
1527 1409 1665 1480 sive
1697 1410 2085 1482 Dominiea
2120 1410 2350 1503 fiterit
2388 1409 2526 1484 sive
2575 1432 2741 1480 non.

302 1596 414 1654 Ad
439 1595 708 1654 Missam.
795 1595 1070 1673 Officium.

307 1675 461 1733 Dum
516 1675 765 1734 medium
821 1676 1107 1735 silentium
1161 1686 1429 1738 tenerent

220 1753 432 1824 omnia,
482 1761 541 1812 et
581 1774 696 1810 nox
737 1754 797 1810 in
836 1775 936 1812 suo
975 1776 1137 1814 cursu
1179 1758 1429 1815 medium

221 1832 340 1890 iter
365 1832 620 1902 haberet,
661 1833 1015 1909 omnipotens
1055 1854 1242 1893 sermo
1280 1846 1429 1906 tuus,

221 1910 523 1981 Domine,b
548 1911 622 1969 de
649 1910 835 1968 coelisb
861 1931 896 1968 a
915 1913 1191 1991 regalibus
1207 1915 1431 1973 sedibus

224 1989 433 2047 venito

309 2067 593 2124 Psalmus.

300 2144 565 2196 Dominus
613 2142 873 2213 regnavit,
926 2144 1167 2200 decorem
1209 2146 1435 2200 indutus

225 2220 334 2269 est:
361 2216 585 2267 indutus
606 2222 687 2267 est
702 2215 966 2269 Dominus
983 2216 1355 2272 fortitudinem
1380 2225 1435 2271 et

225 2285 517 2357 praeeinxit
541 2284 644 2338 sed

310 2357 617 2433 Repetatwr
646 2354 920 2430 Officium.
950 2356 1179 2417 Deinde
1210 2361 1438 2417 dicatur

224 2442 417 2497 Gloria
442 2443 590 2496 Patri
615 2449 662 2495 et
685 2442 834 2497 Sicut
858 2449 986 2498 erat.
1072 2438 1260 2496 Tertio
1286 2459 1435 2515 ‘repe-

227 2522 392 2572 tatur
424 2513 697 2590 Officium.

339 2593 525 2667 Kyrie
572 2592 798 2662 eleison,
836 2593 1031 2653 Gloria
1074 2593 1135 2651 in
1183 2594 1434 2665 excelsis,

228 2671 550 2741 Sanctus,et
562 2673 614 2727 A
620 2692 694 2748 gn
702 2692 781 2740 uS,
799 2673 944 2730 sicut
959 2671 1169 2747 infesto
1185 2673 1438 2749 simplic-i

227 2770 427 2814 novem
451 2749 762 2819 lectionum,
781 2750 1050 2807 dicuntur
1067 2751 1173 2809 hac
1192 2751 1302 2823 die,
1323 2752 1437 2809 sive

230 2828 525 2888 dominica
536 2826 722 2903 sumt
748 2828 861 2885 sive
886 2850 1017 2888 non.

264 2961 271 2964 .
319 2906 539 2964 Oratio.

303 2983 684 3060 Omnipotens
705 2984 1046 3062 sempiterne
1069 2984 1243 3055 Deus,
1258 2986 1439 3064 dirige

231 3073 393 3120 actus
422 3071 642 3119 nostros
678 3062 736 3118 in
772 3063 1118 3141 beneplacito
1145 3076 1262 3134 tue,
1291 3074 1355 3122 ut
1382 3066 1440 3122 in

233 3140 470 3198 nomine
532 3138 723 3197 dilecti
790 3141 922 3199 Filii
976 3143 1060 3200 tui
1117 3163 1442 3200 mereamur

234 3220 401 3278 bonis
430 3218 688 3296 operibus
715 3221 1016 3278 abundare.
1098 3221 1205 3288 Qui
1236 3230 1439 3279 tecum.

318 3296 612 3354 Memoria
641 3295 740 3353 ede
767 3295 844 3353 N
837 3299 1137 3368 advitam?
1164 3300 1232 3356 de
1257 3309 1444 3356 sancto

238 3374 541 3451 Stephane,
584 3374 653 3430 cle
690 3384 876 3433 sancto
917 3376 1197 3447 Jolzanne,
1230 3378 1298 3435 de
1338 3377 1443 3435 Ιη-

238 3454 574 3520 nocentibus,
595 3453 730 3510 etde
749 3462 937 3511 sancto
961 3455 1185 3513 Thema
1205 3464 1440 3515 tantum.

320 3531 430 3588 Ad
461 3529 744 3588 Galatas!

319 3610 576 3678 FratreS,
641 3609 873 3676 Quanto
937 3620 1196 3690 tempore
1263 3612 1445 3671 haeres

241 3687 509 3766 parvulus
537 3695 641 3756 est,
669 3686 809 3744 nihil
830 3688 1027 3747 differt
1053 3710 1088 3747 a
1114 3709 1291 3761 serve,
1319 3711 1446 3748 cum

242 3766 317 3824 sit
342 3767 605 3824 dominus
633 3767 918 3826 omnium:
964 3767 1063 3826 sed
1104 3771 1205 3826 sub
1245 3769 1447 3827 tutori·

244 3847 349 3904 bus
375 3852 437 3903 et
461 3844 741 3901 actoribus
778 3854 864 3903 est
894 3865 1068 3923 usque
1094 3847 1166 3903 ad
1195 3847 1447 3925 praefini-

243 3931 370 3980 tum
411 3930 634 3999 tempus
673 3942 709 3978 a
745 3931 946 4000 patre:
992 3926 1074 3982 ita
1108 3934 1166 3983 et
1194 3945 1293 3983 nos
1319 3946 1446 3983 cum

245 4020 493 4060 essemus
518 4000 756 4078 parvuli,
784 4004 885 4060 sub
923 4002 1220 4062 elementis
1248 4004 1448 4062 mundi

247 4201 276 4229 ⁸
311 4208 421 4243 non
447 4190 610 4244 habet
640 4191 723 4244 26.

249 4262 279 4301 b
316 4278 427 4313 non
455 4262 658 4315 habent
682 4261 766 4315 26.
796 4262 879 4318 57.

252 4342 284 4440 2
315 4331 748 4474 sess
777 4332 932 4473 ξφ·
1076 4334 1183 4406 1⁵³

257 4483 281 4510 Φ
321 4442 430 4525 non
454 4444 655 4527 habeut
680 4445 764 4527 94.
791 4445 876 4528 2⁶6.

1544 1602 1711 1681 hujus
1779 1625 2002 1663 eramus
2068 1604 2398 1664 servientes.
2496 1603 2585 1662 At
2651 1604 2747 1662 ubi

1543 1682 1700 1740 venit
1738 1682 2032 1761 plenitudo
2069 1683 2358 1761 temporis,
2401 1682 2556 1740 misit
2595 1682 2750 1741 Deus

1544 1759 1753 1819 Filium
1824 1781 2006 1832 suum,
2071 1760 2279 1819 factum
2350 1780 2422 1819 ex
2491 1759 2746 1832 muliere,

1542 1838 1748 1896 factum
1789 1842 1892 1898 sub
1933 1839 2076 1917 lege,
2117 1848 2182 1899 ut
2221 1859 2316 1897 eos
2356 1838 2454 1915 qui
2494 1837 2677 1896 suble
2718 1858 2749 1896 e

1546 1928 1709 1975 erant
1762 1919 2090 1989 redimeret,
2131 1926 2196 1976 ut
2233 1918 2597 1994 adoptionem
2638 1859 2750 1974 fili·

1548 2016 1708 2053 orum
1751 1997 2141 2074 reciperemus,
2243 1995 2521 2063 Quoniam
2558 2003 2747 2052 autem

1547 2075 1682 2133 estis
1728 2075 1831 2133 filii
1881 2076 2009 2147 Dei,
2058 2074 2214 2133 misit
2265 2075 2420 2133 Deus
2469 2074 2747 2151 Spiritum

1548 2153 1678 2211 Filii
1721 2154 1806 2210 sui
1842 2154 1900 2211 in
1944 2155 2113 2212 corda
2156 2162 2342 2213 vestra
2387 2151 2747 2222 clamantem,

1553 2231 1740 2302 Abba,
1796 2233 1987 2292 Pater.
2072 2232 2274 2309 Itaque
2324 2232 2440 2310 jam
2496 2251 2609 2288 non
2665 2238 2751 2288 est

1550 2329 1760 2380 servuS,
1789 2312 1887 2370 sed
1918 2310 2085 2368 filius.
2156 2311 2326 2379 Quod
2366 2310 2415 2368 si
2457 2309 2641 2367 filius:
2691 2315 2750 2365 et

1549 2387 1733 2447 haeres
1760 2410 1864 2467 per
1891 2390 2098 2448 Deum.

1631 2467 1901 2525 G‘radale.

1620 2544 1895 2614 Speciosus
1935 2544 2108 2598 forma
2179 2561 2254 2598 1·oe
2289 2542 2416 2596 filiis
2450 2540 2750 2611 hominum,

1548 2614 1742 2668 diffusa
1764 2621 1844 2668 est
1866 2615 2041 2685 gratia
2063 2616 2121 2668 in
2142 2561 2303 2670 pabiis
2327 2614 2449 2666 tuis.

1563 2686 1622 2739 V.
1661 2686 1939 2739 Eructavit
1962 2703 2051 2739 cor
2073 2704 2252 2739 meum
2273 2685 2492 2738 verbum
2517 2684 2718 2737 bonum
2739 2701 2751 2734 :

1550 2755 1669 2809 dico
1716 2772 1813 2825 ego
1853 2773 2013 2825 opera
2052 2774 2173 2809 mea
2212 2755 2353 2825 regi:
2404 2754 2592 2823 lingua
2633 2770 2755 2806 mea

1551 2827 1789 2879 calamus
1808 2827 1994 2879 scribae
2020 2826 2268 2879 velociter
2285 2825 2609 2878 scribentis&

1614 2896 1883 2966 Alleluya.
1959 2895 2016 2948 V.
2082 2896 2345 2948 Dominus
2371 2894 2629 2964 regnavit,
2660 2892 2750 2947 de·

1552 2984 1724 3021 eorem
1751 2965 1953 3019 induit:
1993 2966 2173 3018 induit
2199 2966 2460 3018 Dominus
2485 2964 2752 3017 fortitudi-

1553 3055 1678 3091 nem
1705 3044 1759 3091 et
1783 3036 2066 3107 praecinxit
2089 3054 2143 3090 se
2168 3033 2418 3089 virtute.h

1632 3109 1765 3167 Hac
1782 3109 1875 3165 die
1894 3129 2119 3184 semper,
2142 3109 2255 3165 sive
2274 3106 2563 3165 dominica
2567 3103 2753 3180 fuerit

1554 3189 1669 3245 sive
1694 3209 1824 3259 non,
1854 3188 2082 3244 dicatur
2108 3187 2220 3243 ista
2245 3184 2565 3262 Sequentia.

1556 3288 1609 3323 α..
1652 3267 1866 3327 Christi
1922 3264 2197 3324 hodierna
2225 3265 2271 3321 b.
2303 3262 2649 3323 celebremus
2704 3283 2751 3320 c.

1729 3344 2005 3415 nata-litia,

1558 3424 1613 3481 d.
1655 3423 1862 3484 Coelica
1915 3442 2065 3480 reso·
2084 3422 2160 3478 b.-
2181 3428 2324 3480 nent
2370 3420 2518 3480 clare
2566 3440 2656 3478 ca·
2677 3441 2754 3478 c.-

1731 3522 1924 3560 menas
1952 3501 2195 3578 agmina.

1559 3582 1614 3639 d.
1659 3580 1834 3638 Nunc
1872 3581 2020 3658 regis
2050 3579 2191 3637 cele·
2214 3579 2289 3635 ἂ·
2309 3579 2526 3637 brando
2559 3584 2753 3656 gratu-

1738 3680 1811 3716 c.-
1828 3657 2012 3717 lanter
2041 3658 2281 3735 nuptiaS.

1560 3760 1605 3796 e.
1662 3736 1848 3795 ¹Lux¹
1877 3757 2020 3794 nova
2031 3736 2148 3814 jam
2170 3744 2351 3793 terras
2371 3733 2753 3804 illus-b.-trat,

1732 3824 1952 3874 veteres
1980 3836 2024 3871 c.
2055 3812 2269 3893 pellens
2295 3814 2575 3881 tenebraS,

1543 3893 1598 3970 f.
1664 3893 1906 3952 Reserat
1944 3911 2188 3970 superna
2225 3890 2412 3969 gratia
2448 3891 2548 3948 diu
2591 3886 2757 3947 clau-

1719 3994 1788 4030 c.·
1808 3991 1870 4030 sa
1891 3969 2114 4049 palatia.

1562 4194 1591 4310 ἑ
1617 4188 2199 4341 ⁰13321¹5÷f³<311<530352⁷233

1563 4332 1592 4370 ¹¹
1630 4332 1715 4385 Ps.
1743 4331 1863 4385 xcii.
1894 4330 2057 4399 (xciii.
2082 4330 2128 4382 1.

1562 4403 1577 4440 ¹
1612 4401 1857 4457 lex—98.
1886 4401 1935 4455 8.
1962 4400 2047 4454 26.
2078 4399 2109 4452 5
2151 4440 2162 4453 .
