2975 5009
103 209 221 275 506

106 391 159 441 et
191 382 330 460 quia
367 381 490 438 sine
526 386 586 437 te
625 374 838 434 labitur
878 371 1128 429 humana
1161 388 1310 426 mor·

108 458 315 532 talitas,
341 460 457 517 tuis
485 475 712 534 semper
750 450 976 510 auxiliis
1003 457 1063 508 et
1096 450 1314 505 abstra-

112 537 281 676 Ιὲθῐιιι*
296 558 334 597 a
354 536 543 596 noxiis
562 543 623 593 et
638 533 710 591 ad
729 527 999 589 salutaria
1014 526 1315 605 dirigatur.

158 638 245 677 er.

185 694 299 752 Ad
339 691 633 750 Galatas.⁸

181 773 443 842 Fratres,
482 769 544 829 Si
580 766 786 846 spiritu
824 763 1082 833 vivimus,
1114 758 1320 851 spiritu

120 858 174 911 et
197 849 571 909 ambulemus.
652 843 790 903 Non
805 841 1119 901 efficiamur
1138 836 1324 895 inanis

121 929 315 1007 gloriae
343 926 549 1005 cupidi,
572 924 809 982 invicem
830 924 1217 999 provocantes,
1234 914 1323 972 in·-

123 1009 302 1066 vicem
324 1006 693 1064 invidentes.b
746 999 1000 1067 FratreS,
1022 1004 1081 1055 et
1101 995 1147 1053 si
1214 1013 1325 1051 rae-

125 1092 424 1165 occupatus
444 1082 617 1140 fuerit
638 1080 808 1137 homo
822 1077 883 1133 in
900 1075 1088 1152 aliquo
1102 1014 1327 1141 deflete,

126 1183 221 1222 vos
266 1163 368 1241 qui
414 1158 694 1239 spiritales
741 1155 895 1225 estiS,
943 1147 1331 1230 hujuscemodi

127 1241 397 1301 instruite
435 1240 497 1296 in
537 1236 742 1315 spiritu
773 1233 1044 1302 lenitatiS,
1077 1226 1331 1287 conside-

128 1340 261 1378 rans
280 1320 549 1397 teipsum,
570 1334 643 1373 ne
664 1322 723 1373 et
737 1319 801 1370 tu
821 1311 1081 1370 tenteris.
1163 1304 1333 1363 Alter

130 1398 364 1457 alterius
417 1413 590 1454 onera
708 1398 877 1462 rtate,
924 1396 986 1447 et
1028 1386 1108 1445 sic
1153 1384 1333 1442 adim-

131 1475 363 1555 plebitis
401 1474 586 1551 legem
662 1468 847 1527 bristi.
953 1465 1109 1523 Nam
1136 1463 1182 1521 si
1210 1460 1338 1538 quis

133 1553 427 1614 existimat
446 1572 507 1609 se
526 1547 738 1626 aliquid
764 1564 902 1617 esse,
924 1563 1052 1601 cum
1075 1539 1224 1598 nihil
1242 1539 1336 1610 sit,

134 1634 257 1712 ipse
305 1651 366 1690 se
414 1627 647 1689 seducit.
744 1624 903 1703 Opus
942 1630 1133 1680 autem
1177 1636 1341 1676 suum

136 1713 342 1789 probet
360 1707 759 1784 unusquisque,
781 1711 839 1761 et
859 1702 937 1760 sic
956 1700 1018 1758 in
1040 1696 1344 1773 semetipso

136 1797 366 1848 tantum
456 1786 654 1843 loriam
710 1780 960 1851 habebit,
1008 1783 1069 1836 et
1120 1794 1237 1833 non
1282 1771 1344 1828 in

138 1868 340 1926 altero·
484 1861 825 1938 nusquisque
845 1857 997 1916 enim
1020 1873 1160 1913 onus
1180 1870 1346 1909 suum

140 1944 415 2026 portabit.
518 1937 911 2001 Communicet
948 1941 1140 1993 autem
1172 1932 1219 1988 is
1251 1927 1350 2006 qui

142 2022 531 2084 catechizatur
550 2020 724 2076 verbo
751 2015 806 2074 ei
871 2014 930 2071 ui
957 2033 1018 2071 se
1038 2008 1351 2069 catechizat

144 2105 204 2162 in
258 2101 527 2162 omnibus
579 2094 758 2153 bonis.
832 2034 1062 2149 &olite
1116 2104 1309 2145 errare
1332 2106 1347 2143 ε

143 2182 304 2241 Deus
331 2198 447 2236 non
474 2174 766 2233 irridetur.
832 2169 980 2237 Quae
1001 2166 1156 2225 enim
1184 2162 1351 2223 semi-

146 2258 371 2319 naverit
389 2256 580 2326 homo,
596 2251 720 2310 haec
736 2257 795 2309 et
810 2254 1009 2306 metet.
1066 2242 1351 2311 Quoniam

146 2339 242 2416 qui
270 2334 518 2395 seminat
559 2331 620 2387 in
647 2348 816 2388 carne
842 2345 961 2396 sua,
987 2324 1059 2382 de
1086 2340 1256 2380 carne
1296 2326 1356 2377 et

145 2423 332 2476 metet
360 2409 808 2488 corruptionem:
851 2404 949 2482 qui
975 2408 1166 2459 autem
1189 2395 1355 2456 semi-

150 2502 249 2553 nat
267 2494 332 2551 in
355 2490 582 2570 spiritu,
609 2487 682 2545 de
707 2482 912 2563 spiritu
942 2486 1159 2537 “metet
1181 2477 1357 2534 vitam

150 2582 452 2633 aeternam.
561 2564 785 2623 Bonum
833 2567 1025 2618 autem
1068 2555 1358 2625 facientes,

151 2671 265 2709 non
314 2645 682 2706 deficiamus:
742 2648 1004 2716 tempore
1050 2634 1203 2693 enim
1258 2650 1358 2689 suo

153 2738 441 2788 metemus
468 2740 583 2779 non
609 2718 955 2778 deficienteS.
1035 2713 1193 2791 Ergo
1220 2709 1358 2767 dum

151 2817 384 2883 tempus
410 2802 701 2868 habemuS,
721 2811 1023 2874 operemur
1050 2794 1259 2850 bonum
1286 2786 1360 2843 ad

155 2903 377 2976 omneS,
404 2877 653 2938 maxime
690 2883 883 2933 autem
916 2871 989 2929 ad
1027 2865 1364 2927 domesticos

154 2963 547 3099 fidgi'radazefl

227 3117 450 3170 Bonum
470 3116 551 3166 est
566 3106 829 3164 confidere
841 3103 903 3157 in
922 3098 1155 3156 Domino
1172 3117 1185 3151 z
1201 3112 1367 3167 quam

155 3187 429 3245 confidere
452 3182 512 3235 in
534 3178 769 3234 homine.

169 3261 234 3315 V.
286 3258 504 3311 Bonum
518 3256 599 3306 est
612 3262 821 3332 sperare
833 3244 896 3299 in
915 3239 1152 3297 Domino
1172 3258 1185 3292 ε
1205 3253 1372 3308 quam

159 3326 462 3452 spei-&arnolin
486 3319 834 3445 pmlffnpssigm
872 3389 898 3439 t
935 3400 993 3435 m
1039 3397 1129 3437 cor
1174 3393 1354 3432 meum

163 3472 332 3538 DeuS,
358 3412 642 3538 epffimm·
664 3476 753 3514 cor
778 3402 973 3511 mutin
1007 3472 1019 3507 z
1053 3449 1283 3508 cantabo
1320 3417 1377 3502 et

161 3539 403 3615 psallam
427 3534 529 3590 tibi
552 3534 612 3585 in
635 3528 806 3601 gloria
828 3542 962 3580 mea.

251 3606 583 3673 Secundum
609 3601 999 3660 Matthaeum.0

253 3690 333 3748 In
372 3685 471 3745 illo
493 3693 611 3743 tem
656 3698 773 3751 ore,
801 3673 972 3735 Dixit
1010 3669 1180 3731 Jesus
1214 3664 1381 3725 disci-

170 3767 329 3849 pulis
370 3764 522 3833 suis;
643 3777 771 3817 emo
810 3760 999 3833 potest
1037 3749 1255 3806 duobus
1282 3745 1380 3802 do-

174 3845 357 3906 minis
397 3839 648 3901 servire:
705 3843 805 3893 aut
846 3831 999 3891 enim
1039 3846 1217 3885 unum
1257 3822 1386 3882 odio

175 3920 421 3984 habebit
447 3928 506 3979 et
530 3916 774 3975 altorum
801 3909 1037 3988 diliget:
1078 3912 1179 3964 aut
1208 3919 1387 3960 unum

183 4177 217 4208 ι
255 4180 374 4235 cap.
400 4179 451 4216 v.
478 4159 543 4213 D.
571 4157 645 4229 (v.
672 4154 758 4224 25,
785 4152 898 4223 26.)

183 4241 218 4280 t>
256 4254 322 4292 oa
362 4230 472 4289 ai.
499 4230 570 4283 A.
598 4227 671 4299 (v.
697 4222 880 4292 1-10.)

187 4320 218 4350 0

189 4380 225 4420 d

731 215 1089 267 DOMINIOA
1136 212 1255 262 XV.
1302 211 1476 262 P'os'r
1510 211 1978 263 TRINITA'I'EM.

2502 192 2632 257 606

1425 368 1728 428 sustinebit
1749 376 1808 427 et
1827 368 2072 428 alterum
2092 372 2439 425 contemnet.
2493 362 2558 422 N
2561 383 2633 422 on

1430 448 1670 526 potestis
1723 445 1852 505 Deo
1898 447 2113 505 servire
2160 452 2221 503 et
2274 462 2632 501 mammonae.

1430 526 1572 586 Ideo
1599 525 1726 584 dico
1751 526 1926 597 vobiS,
1949 545 2022 584 ne
2041 522 2267 582 solliciti
2285 522 2410 580 sitis
2429 520 2636 578 animae

1431 613 1640 664 vestrae
1660 603 1796 681 quid
1819 602 2189 673 manducetiS,
2210 620 2394 678 neque
2414 597 2639 689 corpori

1434 690 1628 742 vestro
1645 682 1781 759 quid
1808 679 2138 740 induamini.
2220 677 2430 736 Nonne
2447 696 2640 734 amma

1434 759 1564 842 plus
1605 769 1693 820 est
1733 780 1903 838 quam
1941 778 2102 818 esca:
2161 764 2222 815 et
2266 775 2466 833 corpus
2513 753 2640 832 plus

1436 859 1609 917 quam
1649 838 2095 897 vestimentqu
2177 834 2464 912 Respicite
2490 833 2641 891 vola-

1437 917 1565 977 tilia
1589 916 1730 989 coeli,
1758 916 2025 994 quoniam
2065 933 2181 972 non
2221 919 2420 972 serunt
2459 931 2644 989 neque

1440 1004 1669 1054 metunt
1709 1015 1893 1073 neque
1932 1000 2284 1072 congregant
2319 990 2382 1048 in
2409 989 2644 1048 horreat

1443 1083 1505 1134 et
1548 1075 1723 1134 Pater
1767 1081 1958 1133 vester
2009 1069 2250 1130 coelestis
2300 1068 2484 1149 pascit
2527 1067 2645 1126 illa.

1445 1152 1662 1212 Nonne
1708 1171 1808 1210 vos
1849 1150 2031 1230 magis
2083 1147 2263 1228 pluris
2309 1148 2446 1207 estis
2491 1145 2646 1206 illis?

1446 1231 1588 1299 Quis
1630 1236 1823 1289 autem
1870 1237 2123 1289 vestrum
2162 1226 2416 1304 cogitans
2461 1232 2651 1303 potest

1447 1310 1694 1388 adjicere
1739 1307 1812 1365 ad
1866 1317 2144 1366 staturam
2190 1324 2348 1362 suam
2400 1302 2652 1363 cubitum

1449 1408 1630 1446 unum
1649 1388 1673 1446 ἓ
1728 1386 1809 1445 Et
1822 1386 1895 1445 de
1914 1385 2256 1445 vestimento
2272 1383 2409 1460 quid
2429 1380 2652 1440 solliciti

1451 1467 1628 1525 estis?
1706 1464 2075 1524 Considerate
2095 1461 2212 1519 lilia
2235 1462 2360 1537 agri
2377 1459 2657 1538 quomodo

1452 1551 1749 1603 crescunt:
1804 1562 1922 1599 non
1963 1540 2225 1598 laborant
2270 1558 2454 1615 neque
2494 1545 2657 1596 nent.

1458 1623 1600 1682 Dico
1624 1629 1816 1680 autem
1859 1619 2032 1691 vobis,
2059 1617 2322 1695 quoniam
2352 1636 2458 1676 nec
2499 1613 2657 1675 Salo-

1458 1721 1593 1760 mon
1620 1702 1682 1758 in
1709 1698 1865 1759 omni
1902 1696 2086 1776 gloria
2122 1714 2223 1754 sua
2246 1702 2545 1771 coopertus
2574 1699 2661 1752 est

1458 1780 1604 1838 sicut
1628 1798 1808 1836 unum
1829 1796 1903 1835 ex
1929 1775 2075 1833 istis.
2153 1771 2213 1831 Si
2233 1780 2424 1830 autem
2446 1772 2661 1830 foenum

1460 1858 1603 1936 agri,
1620 1856 1771 1935 quod
1786 1854 1957 1912 hodie
1976 1863 2061 1911 est
2078 1859 2138 1910 et
2157 1871 2279 1908 cras
2296 1849 2357 1906 in
2377 1850 2661 1909 clibanum

1463 1936 1736 2004 mittitur,
1758 1933 1914 1991 Deus
1933 1931 2010 1989 sic
2029 1929 2224 1989 vestit:
2252 1937 2464 2006 quanto
2483 1927 2665 2005 magis

1464 2034 1563 2072 vos
1609 2011 1901 2071 fminimae
1921 2009 1942 2046 f
1985 2008 2168 2067 fidei?
2281 2005 2484 2065 Nolite
2531 2024 2667 2083 ergo

1465 2091 1687 2151 solliciti
1718 2109 1858 2161 esse,
1900 2087 2180 2145 dicentes:
2227 2084 2380 2153 Quid
2425 2084 2669 2142 mandu-

1464 2171 1731 2241 cabimus,
1777 2175 1877 2226 aut
1917 2165 2054 2243 quid
2102 2164 2374 2235 bibemuS,
2418 2169 2519 2221 aut
2557 2181 2670 2240 quo

1468 2249 1791 2327 operiemur
1811 2248 1836 2306 ’ἐ
1917 2245 2065 2302 Hoec
2090 2243 2240 2300 enim
2264 2241 2454 2299 omnia
2470 2248 2671 2319 gentes

1469 2327 1787 2404 inquirunt.
1886 2322 2007 2383 Scit
2042 2321 2198 2381 enim
2245 2320 2420 2379 Pater
2465 2327 2671 2390 vester,

1470 2407 1607 2482 quia
1631 2404 1722 2461 his
1747 2402 2004 2461 omnibus
2028 2400 2150 2458 indi
2190 2397 2313 2458 etis.
2414 2397 2674 2465 Quaerite

1472 2502 1609 2561 ergo
1625 2481 1873 2560 primum
1893 2498 2132 2557 regnum
2214 2476 2285 2547 ei,
2307 2484 2366 2535 et
2386 2476 2671 2554 justitiam

1472 2562 1628 2639 ejus:
1658 2559 1855 2618 ethaeo
1883 2556 2074 2614 omnia
2097 2555 2435 2634 adjicientur
2462 2555 2639 2614 vobis.

1556 2636 1967 2713 Offe‘rtom‘um.¹1

1564 2714 1892 2783 Exspectans
1939 2708 2240 2781 exspectavi
2288 2707 2584 2761 Dominum
2625 2714 2681 2762 et

1475 2784 1709 2855 respexit
1731 2799 1817 2835 me
1844 2800 1856 2833 ε
1882 2785 1937 2834 et
1954 2778 2232 2833 exaudivit
2254 2778 2682 2848 deprecationem

1477 2871 1669 2923 meam,
1696 2858 1752 2907 et
1773 2850 2003 2903 immisit
2033 2850 2094 2901 in
2117 2864 2176 2902 os
2199 2864 2381 2901 meum
2408 2849 2680 2904 canticum

1478 2941 1696 2993 novum,
1721 2922 1992 2993 hymnum
2016 2920 2128 2975 Deo
2151 2923 2349 2973 nostro.

1560 2996 1800 3057 Secreta.
1838 3029 1846 3036 ·

1560 3073 1819 3135 Concede
1845 3070 2024 3141 nobis,
2053 3066 2319 3139 Domine,
2342 3086 2681 3143 quaesumus,

1482 3162 1551 3213 ut
1576 3152 1701 3211 haec
1731 3148 1940 3209 oblatio
1965 3146 2244 3219 salutarie,
2273 3155 2332 3205 et
2357 3155 2681 3204 nostrorum

1485 3232 1590 3291 fiat
1617 3227 1876 3310 purgatio
1914 3233 2292 3318 peccatorum,
2320 3231 2380 3283 et
2407 3231 2525 3283 tuae
2552 3244 2683 3303 pro-

1485 3309 1708 3389 pitiatio
1734 3306 1980 3386 pietatis.
2061 3303 2194 3362 Per.

1571 3381 1955 3446 Communio.¹¹

1561 3464 1668 3529 Qui
1690 3462 1982 3517 manducat
2013 3474 2231 3512 carnem
2259 3472 2432 3510 meam
2460 3460 2517 3511 et
2549 3457 2692 3512 bibit

1489 3533 1811 3607 sanguinem
1845 3546 2028 3585 meum
2054 3546 2066 3581 ε
2091 3528 2153 3581 in
2175 3544 2263 3583 me
2285 3531 2470 3583 manet
2504 3532 2560 3583 et
2594 3545 2694 3600 ego

1493 3608 1554 3662 in
1578 3623 1653 3675 ec,
1679 3604 1813 3658 dicit
1840 3599 2120 3655 Dominus.

1575 3672 2048 3735 Postcommunio.

1577 3754 1897 3813 Purificent
1937 3767 2161 3826 semper
2196 3753 2257 3806 et
2296 3745 2559 3805 muniant
2596 3754 2697 3807 tua

1499 3840 1852 3894 sacramenta
1876 3848 1976 3887 nos
2010 3829 2181 3895 Beue,
2208 3832 2267 3884 et
2293 3825 2367 3882 ad
2404 3834 2699 3905 perpetuae

1502 3915 1712 3972 ducant
1736 3906 2055 3969 salvationis
2082 3904 2366 3963 effectum.
2451 3905 2583 3963 Per.

1509 4148 1534 4246 ῑ
1569 4132 1880 4262 0210-235.
1895 4127 2400 4254 (vin2oiiiga33L55P.
2428 4196 2494 4251 v.

1514 4288 1542 4327 s
1578 4278 1666 4331 Ps.
1693 4289 1879 4328 xxxix.
1905 4270 2001 4342 (xl.
2033 4270 2079 4335 1,
2109 4269 2158 4322 3.

1514 4349 1546 4389 h
1581 4346 1781 4402 Johan.
1808 4359 1920 4415 cap.
1946 4340 2017 4397 vi.
2043 4272 2185 4411 (563
