2975 5009
140 263 261 327 641

136 445 487 506 cunctorum,
500 434 768 514 gaudium
786 436 1136 515 angelorum.
1182 438 1346 507 Quod

89 567 98 578 ,
139 530 228 574 mo
268 515 540 574 miserum
571 523 632 573 et
672 531 945 592 magnum
989 527 1342 593 peccatorem

137 589 406 651 famulum
436 602 598 650 tuum
628 591 798 653 hodie
822 595 1200 653 sacratissimo
1218 611 1343 655 cor-

137 684 272 748 pore
298 680 358 731 et
383 672 661 749 sanguine
686 680 788 731 tuo
820 689 1051 750 pascere
1076 673 1341 753 dignatus

137 767 216 808 ese
296 749 440 808 Ideo
466 767 570 828 ego
597 751 970 823 miserrimus,
990 759 1050 810 et
1075 751 1341 812 innume-2

136 827 406 887 rabilibus
458 828 786 887 criminibus
844 829 1106 902 infectus,
1158 829 1340 908 lam-y·-

138 907 303 964 mosis
332 906 588 984 precibus
614 907 857 986 imploro
877 908 1338 987 benignissimam

137 985 580 1043 misericordiam
621 993 778 1044 tuam
820 991 879 1044 et
917 1005 1198 1045 summam
1226 987 1339 1047 cle-

138 1062 430 1135 mentiam,
463 1070 529 1121 ut
569 1062 694 1121 haec
732 1063 1053 1122 dulcissima
1087 1062 1334 1136 resectio,

135 1157 357 1199 summa
421 1149 485 1200 et
544 1140 1134 1235 incomprehensibilis
1185 1161 1336 1202 com-

136 1219 348 1291 munie,
378 1230 491 1277 non
520 1221 600 1278 sit
625 1220 765 1277 mih1
791 1221 852 1278 in
884 1221 1100 1298 judicio
1126 1222 1337 1282 animae‘

136 1309 307 1369 mem}
349 1298 449 1356 sed
475 1299 656 1375 prosit
682 1298 822 1356 mihi
846 1299 906 1355 in
928 1300 1241 1358 remedium
1264 1302 1338 1359 ad

136 1376 483 1434 evacuandas
499 1389 696 1435 omnes
722 1376 954 1436 insidias·
980 1387 1037 1436 et
1059 1379 1341 1456 nequitias

134 1453 425 1513 diabolicae
476 1453 705 1527 fraudiS,
762 1455 843 1513 ita
892 1464 959 1513 ut
1012 1455 1166 1514 nulla
1217 1458 1338 1535 ejus

132 1532 462 1591 dominetur
487 1533 756 1611 iniquitas
782 1535 843 1589 iu
870 1533 1056 1605 corde,
1078 1547 1338 1614 corpore,-

132 1611 324 1668 anima
390 1619 449 1669 et
516 1613 767 1669 sensibus
821 1612 1007 1683 meis3
1075 1614 1174 1672 sed
1235 1623 1338 1672 tua

132 1688 437 1748 clementia
487 1710 581 1749 me
640 1690 913 1767 perducat
963 1689 1035 1748 ad
1089 1709 1342 1770 superna

131 1768 388 1825 convivia
437 1767 788 1848 angelorum,-
835 1769 931 1826 ubi
985 1777 1054 1827 tu
1098 1785 1158 1828 es
1200 1781 1337 1828 vera

128 1846 440 1920 beatitudo,
449 1846 599 1905 ciara
612 1846 734 1919 lux,-
748 1846 1100 1926 sempiterna
1114 1848 1332 1907 laetitia.

134 1925 353 1983 Arnen.

232 2160 662 2260 Oratiopost
678 2159 980 2235 Missam
993 2162 1330 2252 dicenda.

197 2257 426 2336 Gratias
443 2253 549 2319 tibi
566 2280 689 2339 ago,
711 2259 954 2319 Domine
970 2259 1014 2318 J
1016 2279 1113 2319 esu
1133 2257 1327 2318 Chris-

127 2339 211 2410 te,
252 2338 349 2415 qui
391 2359 485 2397 me
533 2337 892 2396 immundum
935 2347 994 2397 et
1029 2337 1328 2416 indignum

127 2426 480 2495 peccatorem
523 2415 595 2474 ad
639 2416 1041 2475 sacerdotalem
1085 2416 1144 2474 di
1185 2416 1332 2474 nita·

127 2497 249 2554 tem
275 2495 575 2574 pervenire
595 2493 794 2570 fecisti,
818 2503 877 2570 et
896 2494 1039 2553 mihi
1067 2494 1108 2553 h
1185 2495 1237 2553 ie
1257 2511 1331 2553 ex

128 2570 284 2631 dono
320 2565 596 2653 largifluae
636 2573 904 2632 bonitatis
943 2581 1078 2646 tuae,
1116 2581 1176 2632 et
1215 2581 1331 2631 non

129 2671 206 2710 ex
254 2654 396 2709 meis
449 2651 686 2724 meritis,
729 2652 1044 2710 concessisti
1088 2652 1329 2729 gratiam

127 2730 489 2789 consecrandi
534 2739 594 2790 et
634 2730 984 2809 percipiendi
1026 2728 1330 2788 sacratissi-

129 2827 289 2865 mum
329 2828 532 2887 corpus
569 2818 731 2867 tuum
758 2817 818 2868 et
856 2809 1230 2887 sanguinem3
1272 2816 1332 2866 et

127 2886 398 2959 concede,
447 2907 662 2965 quaesO,
710 2907 814 2964 per
872 2886 1328 2965 benignissimam

129 2964 578 3024 misericordiam
598 2973 658 3025 et
682 2961 1030 3024 ineffabilem
1056 2964 1330 3043 pietatem

125 3051 189 3101 et
229 3044 637 3101 sanctissimam
677 3044 989 3121 passionem
1018 3053 1076 3101 et
1107 3062 1330 3100 crucem

126 3130 310 3193 tuam,
350 3127 417 3179 ut
456 3121 561 3181 hoc
596 3121 883 3181 ineffabile
914 3130 1332 3180 sacramentum

127 3201 280 3276 quod
297 3201 509 3278 sumpsi
528 3200 800 3279 indignus
822 3206 1097 3278 peccator,
1118 3207 1232 3256 non
1254 3198 1334 3257 sit

130 3277 275 3335 mihi
302 3287 492 3338 reatus
516 3279 590 3337 ad
629 3295 853 3371 poenam
880 3278 978 3337 sed
1004 3277 1332 3336 intercessio

130 3356 394 3415 salu-tatis
418 3358 491 3415 ad
516 3369 759 3428 veniam,
779 3366 844 3416 ut
870 3355 1134 3435 quicquid
1163 3354 1332 3414 hodie

127 3435 202 3492 ad
228 3443 486 3493 sanetum
513 3435 696 3495 altare
724 3444 886 3494 tuum
925 3433 1155 3512 deliqui,
1184 3434 1332 3526 cogi-⁵

130 3513 449 3571 tationibus
489 3515 691 3592 pravis,
735 3513 962 3583 illicitis,
1004 3513 1331 3584 immundis,

127 3591 355 3649 minore
379 3593 698 3650 reverentia
772 3611 903 3650 uam
930 3591 1119 3662 debui,
1148 3599 1330 3668 gestu,

128 3677 282 3740 actu,
315 3667 401 3728 vel
426 3667 615 3748 aliqua
640 3611 1003 3749 neg‘iigentia
1029 3669 1329 3728 iteratione

127 3751 435 3808 verborum
469 3748 557 3806 vel
595 3750 956 3826 corruptione
984 3748 1213 3817 mentis,
1238 3745 1331 3805 vel

128 3843 466 3906 quocunque
503 3827 686 3899 modo,
725 3833 880 3885 tuam
914 3826 1332 3885 sanctissimam

127 3905 404 3984 pietatem
447 3906 466 3964 i
567 3905 708 3978 loro,
736 3913 1012 3983 quatenus
1045 3903 1186 3961 mihi
1219 3903 1328 3963 cle-

127 3992 357 4044 menter
383 3985 524 4042 indu
583 4004 698 4058 ere,
719 3992 780 4044 et
799 4003 891 4043 me
918 3982 1242 4062 plenissime
1259 3984 1330 4040 ab

124 4062 218 4120 his
251 4070 311 4121 et
345 4065 416 4122 ab
452 4064 713 4122 omnibus
742 4061 994 4140 digneris
1023 4059 1328 4119 absolvere».

127 4140 250 4208 Qui
275 4159 406 4198 cum
434 4143 556 4201 Deo
582 4142 758 4201 Patre
784 4149 845 4199 et
877 4139 1094 4218 Spiritu
1124 4138 1331 4199 Sancto

123 4220 274 4277 vivis
322 4227 382 4278 et
433 4240 498 4279 re
576 4240 637 4279 as
692 4220 866 4278 Deus.
975 4216 1089 4278 Per
1140 4218 1332 4276 omnia

122 4296 333 4357 saecula
356 4317 500 4357 saecu
523 4309 737 4357 orum.⁸

111 4490 140 4518 ⁸
177 4496 244 4535 ex
270 4481 344 4536 20
367 4479 682 4610 ᾱεὲιὲωίιιιτ.
790 4526 794 4529 .

909 279 1320 333 ORA'Holms
1366 284 1537 334 POST
1584 281 1796 335 ΜῘΒΒΑ
1807 288 1880 335 Μ.

2539 280 2664 344 642

1561 443 1814 519 Oratio
1839 447 2143 519 dicenda
2165 460 2319 542 post
2341 453 2655 529 missam.

1515 537 1893 623 Omnipotens
1911 545 2255 623 sempiterne
2267 547 2420 608 Deus
2437 550 2659 611 miseri-

1455 620 1799 694 cordissime,
1821 623 1918 700 qui
1940 624 2142 683 venisti
2170 632 2488 703 peccatores
2507 629 2659 689 redi-

1456 709 1648 771 πηοί-οξ
1703 705 1837 779 peto
1876 709 1935 760 te
1974 711 2078 778 pei·
2115 693 2496 779 dulcissimum
2536 727 2656 768 sac-

1454 785 1777 837 ramentum
1825 779 2071 858 corporis
2112 789 2173 839 et
2214 784 2504 862 sanguinis
2548 781 2656 862 tui,

1453 856 1786 931 mysterium
1817 848 1965 934 quod
2001 877 2033 916 e
2074 877 2106 916 o
2145 859 2408 940 indignus
2446 867 2653 944 accepi,

1452 937 1520 991 u't
1541 935 1682 992 mihi
1703 935 1878 994 dones
1899 935 2032 994 indu
2056 938 2308 1017 gentiam
2326 946 2385 1000 et
2403 943 2650 1002 remissi-

1453 1031 1619 1071 onem
1677 1015 1931 1071 omnium
1984 1021 2339 1096 peccatorum
2396 1039 2652 1080 meorum

1451 1090 1820 1168 praesentium
1849 1098 1908 1151 et
1933 1090 2286 1168 futurorumg
2328 1103 2394 1155 ut
2419 1097 2479 1155 di
2521 1120 2651 1158 nam

1450 1181 1619 1247 agere
1658 1169 1873 1229 valeam
1920 1172 2334 1249 poenitentiam,
2378 1174 2441 1233 in
2527 1179 2651 1236 onis

1453 1247 1715 1325 operibus
1762 1251 2239 1327 perseverantiam
2282 1252 2541 1329 habeam,
2580 1276 2652 1330 ,ac

1450 1334 1574 1384 toto
1590 1324 1757 1385 corde
1775 1343 1903 1386 meo
1916 1335 1974 1387 te
1990 1326 2306 1407 intelligere
2324 1337 2383 1391 et
2399 1351 2526 1411 quae
2542 1331 2646 1393 tibi

1449 1402 1655 1481 placita
1670 1411 1803 1463 sunt
1822 1401 1945 1464 tota
1958 1405 2258 1467 dilectione
2274 1410 2567 1488 perficere,
2587 1409 2648 1472 et

1447 1490 1509 1540 te
1537 1499 1677 1560 puro
1704 1483 1870 1543 corde
1905 1485 2205 1559 meditari3
2248 1494 2307 1546 et
2344 1497 2475 1567 post
2500 1488 2647 1549 hanc

1449 1560 1622 1618 vitam
1671 1571 1959 1639 nunquam
1999 1571 2035 1620 a
2075 1571 2135 1623 te
2182 1566 2449 1643 separari.
2528 1555 2645 1628 Per

1447 1627 1761 1712 Dominum
1805 1649 2061 1699 nostrum
2103 1637 2148 1701 J
2149 1662 2305 1702 esum
2349 1644 2641 1705 Christum

1447 1715 1662 1775 Filium
1710 1726 1890 1776 tuum.
1995 1717 2111 1787 Qui
2164 1725 2351 1798 tecum
2396 1721 2540 1783 vivit
2583 1734 2645 1785 et

1446 1803 1651 1873 regnat
1667 1796 1726 1853 in
1748 1797 1967 1856 unitate
1990 1797 2244 1877 Spiritus*
2257 1798 2448 1861 Sancti
2469 1803 2641 1862 Deus.

1448 1863 1564 1932 Per
1581 1874 1768 1933 omnia
1782 1873 1984 1934 saecuIa
2000 1876 2350 1936 saeculorum.
2402 1880 2644 1941 Amen.¹'

1548 2167 1802 2247 Oratio
1834 2173 1939 2246 ad
1968 2171 2502 2272 impetrandmn
2534 2176 2661 2253 bo-'

1443 2296 1625 2343 num
1692 2273 1944 2367 finem,
2014 2301 2103 2347 ac
2167 2273 2646 2353 remissionem

1429 2384 1908 2466 peccatori-mn,
1945 2385 2099 2448 tam
2131 2400 2287 2471 pro
2311 2403 2383 2451 se
2423 2403 2647 2474 quam

1429 2495 1579 2565 pro
1611 2475 1884 2546 amicis.

1524 2567 1774 2631 Domine
1826 2571 1999 2644 DeuS,
2053 2581 2217 2651 pater
2267 2574 2642 2654 omnipotens,

1444 2647 1541 2724 qui
1573 2648 1744 2726 justis
1790 2650 2031 2727 praemia
2076 2655 2135 2709 et
2180 2650 2641 2730 delinquentibus

1444 2726 1667 2783 veniam
1687 2728 1990 2806 promisisti
2006 2747 2023 2800 ;
2051 2729 2279 2807 quinon
2299 2731 2380 2789 vis
2398 2742 2640 2793 mortem

1444 2813 1796 2882 peccatorum
1827 2826 1930 2865 nec
1969 2805 2180 2865 laetaris
2218 2808 2281 2866 in
2321 2810 2643 2886 perditione

1444 2884 1806 2942 morientium
1820 2906 1835 2957 ;
1854 2893 1913 2944 te
1930 2904 1994 2942 su
2074 2883 2257 2944 liciter
2272 2885 2565 2966 deprecor,
2575 2899 2643 2948 ut

1443 2960 1588 3018 mihi
1613 2960 1826 3021 famulo
1851 2971 1953 3022 tuo
1977 2904 2072 3021 ,gp
2085 2963 2267 3022 dones
2300 2981 2405 3042 per
2436 2968 2644 3027 merita

1442 3038 1807 3100 sanctissimae
1852 3040 1961 3100 Dei
1999 3042 2299 3120 genetricis
2337 3043 2545 3104 Mariae
2581 3054 2641 3105 et

1444 3118 1695 3177 omnium
1740 3127 2059 3177 sanctorum
2107 3129 2166 3179 et
2212 3119 2540 3195 electorum,
2581 3132 2642 3183 et

1442 3209 1548 3274 per
1572 3204 1735 3255 tuam
1761 3196 2221 3271 misericordiam,
2249 3199 2640 3261 remissionem

1442 3274 1695 3333 ornnium
1727 3283 2083 3355 peccatorum
2111 3289 2388 3349 meorum,
2417 3287 2483 3338 et
2512 3291 2644 3357 per·

1440 3352 1611 3412 ducas
1652 3373 1749 3412 me
1790 3354 1864 3412 ad
1905 3353 2061 3411 illam
2101 3356 2498 3433 poenitentiam¹
2535 3369 2647 3437 per'

1441 3449 1612 3507 quam
1642 3433 1827 3491 David
1853 3431 2099 3505 sabasti,
2127 3442 2191 3492 et
2224 3435 2465 3494 Petrum
2495 3436 2649 3494 fian--

1441 3516 1561 3567 tem
1617 3512 1938 3590 respexisti,
1985 3520 2047 3571 et
2098 3512 2345 3570 Mariam
2398 3501 2640 3595 Magda-

1441 3585 1631 3646 lenam
1684 3590 1988 3648 mundasti.
2088 3590 2349 3670 Ex'peile‘,
2397 3587 2641 3655 Domine

1519 3687 1584 3725 su
1623 3667 1869 3740 Christe,
1898 3669 1971 3727 de‘
2005 3669 2173 3728 corde
2200 3687 2326 3728 meo
2365 3690 2492 3751 quae
2532 3672 2643 3732 tibi'

1568 3745 1757 3817 licent,
1826 3755 1885 3805 et
1954 3746 2124 3805 talem
2195 3747 2337 3805 mihi
2403 3747 2636 3811 infunde

1541 3844 1697 3883 orem
1751 3833 1817 3884 ut
1869 3834 1927 3883 te
1981 3824 2229 3904 perfecte
2282 3825 2519 3906 diligere
2572 3850 2638 3888 ac

1443 3900 1649 3961 timere
1700 3903 1928 3980 possim,
1981 3911 2046 3961 ut
2099 3923 2202 3961 nec
2254 3905 2499 3983 cogitem
2548 3907 2637 3966 vel

1442 3979 1757 4039 desiderem
1788 3981 1897 4038 nisi·
1935 3980 2085 4058 quod
2114 3980 2217 4040 tibi
2248 3983 2492 4041 Domino
2521 3986 2636 4062 pla-

1441 4077 1568 4118 cere
1595 4069 1922 4151 cognovero,
2007 4059 2293 4138 Deprecor
2326 4068 2405 4133 t'e,
2432 4063 2638 4121 beatis-

1440 4137 1585 4195 sima
1620 4156 1783 4216 virgo
1820 4135 2027 4210 Maria,
2062 4138 2341 4217 templum
2383 4139 2636 4215 Domini,

1441 4214 1744 4273 sacrarium
1774 4215 2020 4292 Spiritus
2059 4214 2267 4276 Sancti.
2349 4219 2637 4296 Deprecor

1441 4302 1502 4352 et
1523 4312 1617 4351 vos
1637 4301 1857 4352 sanc-tos
1882 4294 2245 4375 archangelos
2272 4294 2636 4371 Michaelem,

1438 4474 1466 4513 b
1503 4490 1570 4529 ex
1593 4472 1664 4527 20
1687 4472 1999 4528 desumitur.
