2975 5009
273 246 416 316 ’627

295 442 391 480 me
434 416 678 479 refecisti
725 418 800 478 de
844 418 1222 479 sacratissimo
1267 439 1504 499 corpore

299 510 361 559 et
404 498 679 577 sanguine
722 497 860 557 Filii
907 499 992 558 tui
1039 498 1273 556 Domini
1319 500 1501 557 nostri

299 578 343 638 J
345 598 443 638 esu
468 577 685 637 Christi
705 596 722 648 ;
767 586 831 636 et
853 596 1074 657 precor,
1103 587 1169 635 ut
1193 576 1300 635 hoc
1318 597 1502 635 sacra-

297 664 559 716 mentum
599 655 797 713 salutis
845 663 1058 714 nostres
1097 655 1247 733 quod
1288 654 1503 735 sumpsi

302 735 568 814 indignus
594 742 871 812 peccator,
900 753 1016 792 non
1043 734 1232 793 veniat
1257 735 1402 793 mihi
1426 735 1502 793 ad

293 813 575 893 judicium
619 831 802 890 neque
843 812 918 871 ad
970 813 1501 873 condemnationem

302 910 411 972 pro
453 890 674 949 meritis
714 891 889 961 meis3
935 892 1033 950 sed
1069 890 1144 949 ad
1185 890 1500 969 profectum

302 970 552 1048 corporis
604 980 633 1009 ⁸
654 970 764 1027 mei
820 978 880 1028 et
926 970 1135 1028 animae
1179 968 1347 1029 saluti
1375 978 1401 1002 ⁸
1441 971 1501 1028 in

303 1048 483 1107 vitam
517 1057 808 1105 aeternam.
903 1048 1107 1105 Amen.

386 1125 517 1198 Qua
543 1125 717 1196 dicta,
747 1133 836 1182 eat
861 1125 1114 1183 sacerdos
1141 1125 1220 1183 ad
1245 1125 1507 1184 dextrum

305 1224 481 1263 cornu
505 1203 709 1261 altaris
749 1223 877 1261 cum
908 1203 1080 1261 calice
1106 1204 1257 1262 inter
1280 1225 1502 1277 manue,

305 1281 507 1358 diyitis
548 1281 733 1338 adhuc
774 1282 1081 1357 conjunctis
1115 1282 1260 1340 sicut
1297 1283 1461 1360 prius
1488 1305 1506 1340 :

288 1368 357 1418 ⁷et
396 1359 620 1417 accedat
657 1359 1046 1430 subdiaconus,
1074 1368 1125 1418 et
1163 1361 1414 1436 effundat
1438 1360 1507 1418 in

309 1438 539 1496 calicem
559 1437 759 1496 vinum
785 1445 836 1496 et
856 1457 1100 1514 aquam:
1140 1448 1191 1496 et
1216 1439 1508 1497 resinceret

307 1516 559 1574 sacerdos
577 1536 779 1573 manus
794 1536 926 1573 suas
940 1536 1009 1573 ne
1026 1516 1235 1593 aliquae
1249 1517 1508 1593 reliquioe

522 1594 558 1651 's
599 1594 685 1651 vel
727 1594 1027 1669 sanquinis
1070 1602 1395 1653 remaneant
1441 1595 1508 1652 in

308 1672 509 1748 diyitis
534 1672 620 1729 vel
646 1672 713 1729 in
739 1672 927 1729 calice.

393 1749 539 1808 Cum
565 1770 691 1808 vero
731 1750 944 1826 aliquis
969 1750 1222 1808 sacerdos
1246 1750 1398 1809 debet
1424 1752 1508 1808 bis

307 1827 578 1886 celebrare
603 1827 671 1886 in
695 1848 809 1885 uno
840 1828 952 1899 die,
979 1835 1113 1887 tunc
1138 1829 1219 1886 ad
1342 1830 1508 1887 'mam

307 1905 541 1963 missam
566 1926 679 1964 non
699 1906 851 1964 debet
867 1906 1149 1984 percipere
1169 1909 1238 1966 ab
1261 1908 1508 1965 ationem

309 1984 511 2055 ullam,
549 1984 645 2041 sed
860 2004 887 2041 e
918 1984 985 2041 in
1022 1986 1277 2043 sacrario
1314 1986 1400 2043 vel
1440 1985 1508 2042 in

293 2081 439 2124 ,vase
476 2061 689 2120 mundo
725 2082 897 2138 usque
940 2063 1019 2119 ad
1050 2065 1233 2140 finem
1275 2064 1510 2121 alterius

309 2140 495 2197 missoe
531 2161 556 2210 ,·
634 2147 686 2198 et
751 2147 884 2197 tunc
948 2149 1209 2199 sumatur
1271 2150 1510 2218 utraque

311 2217 543 2275 ablutio.

390 2294 529 2352 Post
559 2293 820 2371 primam
861 2293 1203 2353 ablutionem
1243 2295 1267 2328 '³
1293 2296 1512 2355 dicit-ur

297 2371 426 2430 Jlaec
454 2370 671 2430 Oratio.

410 2449 580 2518 Quod
647 2468 745 2507 ore
811 2448 1174 2529 sumpsimuS,
1244 2452 1508 2524 Domine,

309 2659 393 2714 bis
409 2658 603 2714 debeat
625 2657 891 2715 celebrare
914 2659 973 2713 in
995 2677 1106 2715 uno
1129 2661 1231 2732 die,
1253 2667 1385 2718 tunc
1403 2679 1514 2716 non

307 2729 466 2785 debet
523 2729 792 2804 percipere
839 2730 1172 2786 ablutionem
1220 2733 1391 2787 ullam
1450 2735 1510 2788 in

307 2800 485 2884 prima
512 2800 688 2870 missa,
714 2801 806 2856 sed
841 2818 1037 2873 ponere
1071 2803 1130 2856 in
1166 2804 1395 2858 sacrario
1417 2811 1517 2859 aut

309 2890 370 2926 in
393 2889 517 2926 vase
553 2872 756 2926 mundo
789 2888 959 2942 usque
994 2873 1053 2925 in
1089 2873 1253 2927 finem
1290 2875 1513 2930 alterius

308 2942 500 3011 missas,
528 2947 585 2996 et
616 2948 747 2996 tunc
769 2947 1016 2996 sumatur
1049 2950 1277 3014 utraque
1303 2946 1513 3001 ablutio

309 3019 430 3084 post
452 3012 683 3095 primam
707 3012 1059 3068 ablutionem.

379 3083 586 3137 Deinde
609 3089 865 3153 sequatur
887 3083 1005 3139 haec
1028 3084 1212 3140 Oratio
1252 3086 1404 3151 Quod
1424 3104 1512 3141 ore

308 3152 398 3207 ac.
450 3153 559 3207 Hic
575 3153 719 3209 lavet
736 3154 932 3225 digitos
954 3172 1077 3210 suos
1099 3156 1159 3209 in
1177 3158 1511 3212 concavitate

306 3224 486 3277 calicis
525 3241 649 3278 cum
689 3224 817 3279 vino
845 3243 878 3278 a
913 3225 1138 3281 diacono
1166 3227 1363 3296 effuso3
1401 3245 1509 3299 quo

308 3294 514 3364 haust0,
540 3301 796 3364 sequatur
821 3295 927 3349 ista
950 3296 1149 3351 Oratio.

380 3364 515 3417 Hoec
536 3382 646 3433 nos,
673 3365 913 3434 Domine,
938 3368 1233 3421 communio
1255 3375 1453 3439 pnrqet
1475 3388 1513 3423 a

306 3435 528 3487 crimine
572 3440 621 3488 et
665 3436 879 3489 coelestis
922 3438 1139 3490 remedii
1178 3434 1363 3506 faeiat
1408 3458 1514 3495 esse

297 3510 605 3588 paream.
794 3573 807 3586 .
992 3574 1005 3587 .

381 3574 489 3629 Hic
512 3573 768 3629 1nfundat
792 3573 932 3627 idem
952 3574 1209 3628 dlaconus
1230 3593 1425 3646 aquam
1450 3580 1510 3633 in

306 3643 523 3698 calicem
545 3663 557 3709 ;
607 3659 716 3713 qua
766 3643 975 3712 hausta,
1019 3650 1109 3698 eat
1166 3649 1404 3703 sacerdos
1440 3652 1511 3705 ad

308 3714 547 3768 medium
565 3713 765 3782 altaris,
787 3718 842 3767 et
858 3711 1099 3769 involvat
1116 3715 1334 3771 calicem
1352 3737 1511 3791 super

305 3790 575 3855 patenam,
596 3789 653 3837 et
771 3788 858 3836 tea
874 3782 1099 3840 inclinet
1121 3803 1176 3841 se
1193 3793 1322 3843 ante
1338 3790 1510 3846 altare

305 3872 431 3911 eum
450 3871 648 3925 magna
701 3852 958 3924 evotione,
975 3854 1158 3911 dicens
1175 3856 1315 3914 hanc
1332 3860 1508 3917 Orati-

306 3942 482 3979 onem.

383 3994 603 4050 Gratias
618 4034 631 4047 .
654 4033 666 4048 .
690 4033 703 4048 .
947 4000 995 4049 et
1009 3999 1269 4068 sanquine
1284 3999 1512 4056 Domini

293 4063 851 4119 nostriJesuOViristi.
901 4066 1190 4136 Teprecor.
1214 4112 1225 4124 .
1250 4074 1510 4141 ‚corporis

301 4136 409 4188 mei
452 4140 501 4188 et
544 4134 745 4188 animae
804 4152 930 4190 meoe
967 4139 1188 4194 salutem
1233 4142 1297 4195 in
1342 4144 1507 4197 vitam

301 4210 569 4260 aeternam.
645 4205 832 4260 Amen.

285 4359 330 4442 ἰ
365 4407 420 4457 et
448 4402 824 4460 animm-92.
851 4404 937 4460 98.
1481 4445 1486 4448 -

291 4472 330 4514 ¹¹³
366 4472 452 4528 vel
474 4473 960 4546 effusionem—92.
987 4476 1071 4532 94.
1100 4478 1185 4535 97.
1212 4477 1296 4532 98.
1324 4480 1409 4535 57.

1386 262 1668 311 ΟΑΝΟΝ.·

2674 251 2808 315 628

1601 440 1746 496 pura
1772 428 1968 479 mente
2007 423 2332 502 capiamus;
2380 428 2443 481 et
2468 423 2544 483 de
2572 444 2809 491 munere

1603 498 1908 577 temporali
1937 499 2041 559 fiat
2066 501 2229 560 nobis
2257 501 2585 560 remedium*
2603 504 2812 585 sempi-

1604 584 1855 636 ternum.

1683 653 1809 713 Hic
1864 655 2008 714 lavet
2071 656 2281 733 diyitos
2346 657 2416 714 in
2466 659 2813 717 concavitate

1603 733 1802 791 calicis
1829 754 1958 792 cum
1983 735 2116 793 vino
2143 734 2332 811 infuso
2357 756 2396 792 a
2421 736 2767 796 subdiacono
2796 760 2814 796 .·

1605 831 1714 888 quo
1739 812 1957 884 hausto,
1984 821 2249 890 sequatur
2280 813 2504 872 Oratio.

1676 888 1824 949 Haec
1840 911 1943 950 nos
1960 891 2296 962 communio,
2315 891 2588 964 Domine,
2605 904 2813 973 purget

1605 987 1641 1025 a
1678 969 1937 1040 crimine,
1980 977 2040 1028 et
2076 968 2316 1029 coelestis
2358 971 2604 1031 remedii
2647 971 2813 1032 faciat

1606 1065 1725 1105 esse
1752 1056 2055 1106 consortes·

1685 1124 1825 1183 Post
1837 1126 2243 1215 perceptionem
2262 1126 2624 1185 ablutionum
2635 1137 2812 1208 ponat

1605 1203 1859 1261 sacerdos
1884 1204 2115 1262 calicem
2150 1224 2316 1280 super
2344 1213 2646 1282 patenam,
2674 1216 2739 1264 ut
2763 1207 2815 1265 si

1607 1280 1751 1357 quid
1799 1289 2087 1339 remaneat
2136 1282 2323 1341 stillet.
2450 1282 2541 1341 Et
2597 1293 2815 1363 postea,

1606 1359 1941 1417 inclinando
1967 1380 2039 1431 se,
2067 1360 2240 1432 dicat,

1606 1489 1613 1494 .
1688 1438 2013 1496 Adoremus
2044 1437 2220 1497 crucis
2259 1438 2656 1517 signaculum:
2713 1462 2815 1520 per

1607 1516 1760 1593 quod
1786 1515 1981 1574 salutis
2008 1518 2352 1594 sumpsimus
2373 1528 2816 1579 sacramentum.

1705 1594 1931 1652 Deinde
1997 1595 2141 1652 lavet
2207 1616 2410 1653 manus
2452 1618 2472 1654 .·
2541 1597 2820 1656 diaconas

1609 1671 1842 1729 interim
1868 1673 2185 1749 corporalia
2208 1674 2514 1751 complicet.
2585 1677 2821 1734 Ablutis

1609 1751 1889 1822 manibus,
1957 1758 2009 1808 et
2072 1750 2331 1809 redeunte
2396 1754 2685 1812 sacerdote
2745 1754 2824 1812 ad

1609 1828 1869 1886 dextrum
1951 1849 2126 1886 cornu
2203 1829 2458 1901 Altaris‚
2540 1832 2822 1891 diaconus

1609 1906 1843 1964 calicem
1899 1906 2167 1984 porriyat
2230 1907 2322 1965 ori
2386 1910 2718 1984 sacerdotis,
2769 1910 2824 1968 si

1610 1984 1753 2060 quid
1794 1983 2102 2060 infimionis
2144 1987 2212 2043 in
2247 2005 2308 2042 eo
2348 1990 2695 2047 remanserit
2735 2010 2820 2047 re-

1609 2062 1959 2120 sumendum.
2055 2063 2258 2122 Postea
2292 2085 2418 2122 vero
2435 2064 2460 2097 '¹
2494 2066 2677 2125 dicat*
2697 2087 2823 2125 cum

1610 2140 1729 2197 suis
1745 2140 2028 2199 ministris
2048 2139 2512 2201 Communionem
2530 2167 2557 2216 ;
2592 2146 2820 2217 deinde,

1595 2216 1758 2293 facto
1798 2219 1959 2296 siqno
2001 2220 2183 2278 crucis
2225 2220 2292 2278 in
2316 2219 2498 2296 facie,
2542 2231 2728 2281 vertat
2763 2244 2821 2280 se

1612 2296 1865 2355 sacerdos
1904 2296 1983 2354 ad
2011 2299 2310 2375 popul-am,
2337 2300 2674 2378 elevatisque
2709 2303 2819 2359 ali·

1614 2375 1952 2451 quantulum
1973 2376 2218 2434 brachiis
2236 2384 2287 2433 et
2293 2377 2515 2452 junctis
2534 2381 2819 2451 manibus,

1614 2452 1789 2524 dicat,
1809 2453 2088 2514 Dominus
2105 2455 2436 2515 vobiscum.⁰
2511 2458 2599 2516 Et
2614 2459 2820 2517 iterum

1680 2661 1754 2716 Et
1776 2680 1900 2717 cum
1937 2663 2039 2719 hac
2073 2663 2330 2736 Oratione
2363 2671 2453 2721 eat
2486 2668 2730 2723 sacerdos
2750 2668 2821 2722 ad

1611 2732 1865 2787 dextrum
1912 2751 2080 2797 cornu
2128 2735 2352 2805 Altaris,
2400 2742 2460 2792 et
2505 2738 2588 2792 ibi
2633 2739 2823 2793 abluat

1610 2819 1821 2873 manus,
1847 2809 1903 2858 et
1932 2805 2291 2861 subdiaconus
2326 2807 2375 2860 ei
2409 2808 2703 2882 ministret,
2740 2810 2818 2862 di-

1610 2890 1815 2928 aconus
1838 2891 1961 2929 vero
1978 2875 2194 2930 interim
2220 2877 2517 2948 corporalia
2538 2880 2820 2952 complicet

1609 2949 1666 2998 et
1688 2945 1756 2997 ad
1775 2946 2027 2999 dextrum
2049 2963 2217 3001 cornu
2236 2946 2446 3001 Altaris
2461 2949 2817 3005 subdiaconus

1607 3014 1807 3068 librum
1833 3021 2024 3088 portet,
2045 3023 2101 3071 et
2122 3024 2336 3089 accepto
2353 3036 2388 3073 a
2410 3019 2639 3074 diacono
2656 3022 2814 3076 calice

1602 3086 1819 3155 jacente
1837 3104 1996 3158 super
2012 3093 2279 3159 patenam,
2302 3094 2358 3142 et
2370 3090 2633 3146 redeunte
2650 3110 2810 3146 sacer·

1605 3157 1731 3212 dote
1752 3158 1822 3211 ad
1856 3158 2105 3212 dextrum
2141 3175 2308 3212 cornu
2349 3159 2575 3231 Altaris‚
2601 3164 2649 3216 si
2684 3164 2810 3234 quid

1607 3227 1664 3280 in
1682 3243 1743 3280 eo
1757 3228 2043 3282 infusionis
2054 3230 2383 3300 remanserit,
2401 3230 2545 3284 idem
2560 3233 2809 3290 diaconus

1607 3300 1686 3352 ori
1710 3298 1996 3353 sacerdotis
2018 3300 2254 3371 porrigat
2275 3302 2621 3358 sumendum.

1679 3368 1808 3424 Post
1909 3371 2233 3441 rceptionem
2269 3375 2610 3443 sacramenti,
2648 3392 2803 3430 sacer-

1606 3438 1731 3493 dote
1917 3457 2114 3495 manus
2159 3440 2490 3496 abluendum
2547 3446 2799 3516 veniente,

1606 3509 1863 3564 diaconus
1877 3510 2167 3582 corporalia
2183 3512 2479 3583 complicet,
2496 3520 2553 3568 et
2566 3516 2628 3569 in
2643 3515 2803 3571 loculo

1605 3587 1842 3651 reponat,
1871 3588 2053 3651 postea
2070 3598 2194 3636 vero
2216 3583 2334 3653 ipsa
2350 3586 2648 3656 corporalia
2664 3586 2804 3642 calici

1605 3667 1729 3705 cum
1755 3651 2018 3706 offertorio
2048 3657 2328 3723 supponat,
2366 3653 2656 3727 ipsumque
2687 3657 2805 3711 cali·

1606 3738 1736 3791 cem,
1759 3721 1889 3774 dum
1910 3722 2230 3776 Communio
2248 3723 2460 3795 dicitur,
2483 3727 2588 3798 ipsi
2607 3728 2806 3799 acolyto

1605 3792 1926 3847 committat.
2002 3793 2107 3857 Qui
2131 3794 2263 3847 dum
2285 3794 2397 3847 Per
2417 3799 2603 3851 omnia
2623 3799 2809 3853 soecula

1604 3863 1928 3916 soecidorum.
1966 3863 2155 3932 Amen,
2190 3870 2310 3936 post
2339 3864 2654 3922 Orationem
2685 3868 2809 3924 dici·

1608 3937 1714 4002 tur,
1734 3950 1799 3987 ea
1821 3933 2161 3988 solemnitate
2179 3951 2287 4005 qua
2303 3953 2429 3990 cum
2452 3939 2815 4011 apportaverit

1607 4008 1903 4128 meliliittis
1936 4073 2204 4145 manibus,
2229 4077 2469 4138 sacerdos
2496 4084 2725 4135 revertat
2747 4096 2813 4136 se

1607 4144 1678 4198 ad
1701 4145 1952 4200 dextrum
1976 4162 2145 4199 cornu
2175 4146 2397 4218 Altaris,
2425 4150 2717 4205 et.—M54.

1606 4421 1631 4451 ο
1669 4411 1973 4486 Responsio,
2010 4412 2086 4467 Et
2106 4431 2228 4468 cum
2250 4417 2450 4485 spiritu
2472 4420 2730 4473 tua—15.
