2975 5009
310 242 442 307 396

310 433 450 472 num
477 421 853 493 peccatorum,
876 422 938 475 et
964 415 1238 496 crucifigi,
1261 426 1322 476 et
1347 419 1523 478 tertia

309 492 404 552 die
442 513 759 573 resurgere.
839 493 921 552 Et
958 503 1357 555 rememoratae
1383 504 1522 556 sunt

308 571 613 630 verborum
643 571 800 649 ejus3
843 580 904 631 et
945 592 1008 631 re
1049 592 1218 632 ressae
1258 593 1293 631 a
1319 593 1520 632 monu-

310 656 524 721 mento,
567 650 980 708 nunciaverunt
1061 670 1144 709 aec
1183 650 1373 709 omnia
1408 652 1519 712 illis

307 727 571 786 undecim
620 735 680 786 et
720 729 942 787 caeteris
989 730 1270 788 omnibus.
1373 730 1520 791 Erat

307 811 498 864 autem
539 806 731 864 Maria
768 804 1115 885 Magdalene
1155 816 1214 866 et
1250 807 1293 866 J
1295 806 1521 868 ohanna

309 892 370 942 et
408 883 599 942 Maria
636 884 834 943 Jacobi
867 893 926 944 et
965 893 1190 945 caeterae
1233 905 1362 963 quse
1388 907 1517 945 cum

307 960 389 1021 eis
432 970 616 1033 erant,
658 981 785 1040 quae
825 963 1088 1022 dicebant
1124 964 1197 1022 ad
1235 965 1518 1043 apostolos

306 1037 447 1098 haec.
554 1039 636 1099 Et
689 1041 806 1099 visa
849 1050 985 1100 sunt
1024 1049 1158 1101 ante
1200 1042 1326 1101 illos
1371 1044 1518 1103 sicut

308 1116 745 1177 deliramentum
786 1120 961 1178 verba
985 1117 1112 1192 ista,
1139 1128 1199 1180 et
1240 1139 1353 1179 non
1393 1142 1516 1181 cre-

307 1196 519 1256 debant
565 1195 694 1254 illis.
793 1197 1001 1257 Petrus
1042 1208 1236 1259 autem
1278 1218 1516 1278 surgens

306 1274 554 1332 cucurrit
604 1274 679 1333 ad
734 1286 1209 1336 monumentum:
1270 1285 1331 1336 et
1381 1298 1514 1357 pro-

305 1354 576 1411 cumbens
615 1353 757 1412 vidit
795 1353 1130 1413 linteamina
1156 1355 1274 1414 sola
1307 1358 1511 1447 posita,

303 1437 368 1567 1et
411 1431 570 1504 abiit,
616 1451 807 1492 secum
846 1433 1061 1492 mirans
1107 1435 1259 1512 quod
1298 1440 1512 1495 tactum

331 1516 508 1569 uerat.

404 1659 621 1732 Feria
669 1671 878 1734 seaeta.

386 1757 497 1815 Ad
520 1757 854 1816 Romanos.⁸⁴

383 1836 631 1906 Fratres,
674 1837 834 1895 Sicut
876 1856 985 1929 per
1031 1837 1198 1897 unius
1237 1837 1509 1898 delictum

301 1910 363 1970 in
380 1933 575 1972 omnes
591 1912 853 1975 homines
873 1937 931 1974 1n
949 1917 1507 1976 condemnationem:

296 1991 380 2050 sic
426 2000 486 2051 et
527 2012 630 2070 per
672 1993 838 2052 unius
876 1995 1159 2072 justitiam
1207 1994 1267 2052 in
1311 2014 1511 2054 omnes

299 2066 559 2129 homines
577 2071 636 2127 in
649 2070 1122 2148 justificationem
1138 2072 1293 2131 vitae.
1349 2074 1511 2132 Sicut

299 2149 454 2206 enim
473 2169 577 2227 per
593 2147 1032 2208 inobedientiam
1054 2150 1222 2208 unius
1243 2150 1508 2223 hominis,

299 2235 619 2304 peecatores
658 2228 952 2286 constituti
988 2236 1122 2287 sunt
1166 2227 1366 2288 multi:
1423 2230 1509 2287 ita

297 2315 359 2362 et
384 2324 489 2383 per
509 2304 675 2361 unius
701 2303 726 2335 ¹³
754 2304 1186 2378 obeditionem,¹’
1203 2308 1345 2385 justi
1372 2307 1506 2366 con-

297 2382 608 2441 stituentur
647 2381 834 2440 multi.
916 2384 1047 2444 Lex
1085 2395 1278 2446 autem
1311 2388 1503 2445 subin-

797 257 1254 309 HBBDOMADA
1286 261 1364 310 11.
1400 262 1578 313 POST
1610 263 1938 315 ochvAs
1971 265 2297 316 PASGHAE.

2715 256 2832 320 1396

1639 421 1816 482 travit
1860 431 1925 481 ut
1968 422 2286 482 abundaret
2331 422 2627 483 delictum.
2725 426 2829 485 Ubi

1635 509 1828 558 autem
1848 501 2158 561 abundavit
2183 500 2473 574 delictum,
2494 505 2830 582 superabun-

1634 578 1793 636 davit
1844 587 1905 637 et
1955 580 2157 658 gratia.
2240 579 2331 639 Ut
2382 581 2528 639 sicut
2583 585 2829 660 regnavit

1635 665 1926 736 peccatum
1979 660 2042 715 in
2090 665 2368 716 mortem:
2428 659 2511 717 ita
2554 667 2616 718 et
2662 666 2829 739 gratia

1636 744 1836 814 regnet
1856 756 1960 815 per
1969 736 2254 813 justitiam
2274 736 2333 793 in
2350 737 2528 795 vitam
2547 744 2827 811 aeternam,

1638 812 1755 873 Per
1793 813 1836 873 J
1838 833 1996 874 esum
2035 814 2329 874 Christum
2360 816 2676 874 Dominum
2718 838 2827 876 nos·

1636 898 1813 950 trum.

1717 967 2040 1028 Secundum
2067 968 2153 1029 M
2147 970 2465 1028 atthaeum.⁰

1716 1046 1789 1106 In
1846 1046 1946 1106 illo
1997 1056 2114 1109 tem
2158 1068 2276 1120 ore,
2331 1048 2721 1109 Accesserunt
2766 1051 2827 1110 ad

1632 1124 1678 1184 J
1679 1146 1836 1185 esum
1886 1125 2065 1205 discip
2196 1126 2239 1185 J
2241 1127 2497 1200 ohannis,
2546 1127 2794 1188 dicentes
2811 1152 2827 1201 ;

1632 1203 1824 1272 Quare
1881 1223 1986 1262 nos
2048 1213 2109 1263 et
2176 1204 2455 1264 Pharisaei
2517 1205 2827 1283 jejunamus

1630 1281 1996 1361 frequenter:
2056 1283 2314 1362 discipuli
2356 1293 2548 1342 autem
2598 1286 2684 1343 tui
2725 1306 2825 1344 non

1623 1360 1935 1440 jejunant?
2015 1361 2095 1421 Et
2135 1362 2217 1420 ait
2246 1360 2359 1420 illis
2397 1362 2570 1420 Jesus
2591 1382 2612 1434 ;
2654 1363 2828 1422 Num-

1628 1440 1766 1517 quid
1782 1446 2014 1518 possunt
2031 1439 2136 1497 filii
2152 1440 2343 1519 sponsi
2356 1438 2554 1520 lugere
2570 1443 2824 1518 quamdiu

1628 1538 1757 1576 cum
1786 1517 1898 1575 illis
1919 1526 2004 1576 est
2025 1520 2296 1597 sponsus?
2354 1517 2620 1578 Venient
2646 1529 2824 1579 autem

1628 1596 1751 1655 dies
1777 1616 1906 1654 cum
1941 1594 2231 1656 auferetur
2256 1599 2326 1655 ab
2355 1596 2434 1655 eis
2460 1616 2735 1677 sponsus:
2773 1608 2826 1658 et

1626 1683 1764 1733 tunc
1798 1674 2159 1753 jejunabunt.
2261 1674 2451 1734 Nemo
2492 1684 2685 1735 autem
2725 1679 2824 1735 im-

1627 1753 1810 1812 mittit
1862 1752 2285 1812 commissuram

1627 1831 2029 1891 vestimentum
2050 1838 2237 1890 vetus:
2279 1839 2339 1889 to
2383 1840 2444 1890 et
2470 1832 2625 1891 enim
2653 1833 2825 1911 pleni-

1626 1908 1885 1969 tudinem
1924 1910 2046 1989 ejus
2084 1929 2120 1967 a
2164 1911 2527 1982 vestimentu,
2568 1919 2628 1969 et
2672 1913 2826 1989 pejor

1626 1988 1866 2046 scissura
1913 1988 2002 2047 fit.
2097 1987 2302 2066 Neque
2351 1988 2593 2047 mittunt
2638 1992 2819 2047 vinum

1627 2086 1836 2125 novum
1857 2067 1918 2124 in
1938 2075 2094 2125 utres
2114 2075 2360 2138 veteres;
2402 2065 2649 2144 alioquin
2679 2089 2821 2125 rum-

1626 2155 1841 2223 puntur
1878 2155 2053 2217 utreS,
2083 2153 2142 2203 et
2181 2146 2376 2202 vinum
2419 2145 2822 2216 defi'unditu1·,⁰

1626 2233 1685 2282 et
1706 2231 1857 2281 utres
1878 2230 2203 2302 epereunw‘
2268 2222 2385 2282 Sed
2406 2224 2601 2280 vinum
2623 2244 2820 2282 novum

1624 2302 1684 2361 in
1718 2310 1874 2360 utres
1914 2321 2085 2360 novos
2123 2301 2383 2374 mittunt,
2412 2311 2472 2361 et
2506 2304 2674 2361 ambo
2701 2323 2821 2361 con·

1621 2388 1941 2440 servantur.

729 2633 960 2709 Missa
1041 2637 1519 2711 Dominicalis
1601 2632 2054 2706 hebdomadae
2134 2632 2367 2705 tenioe.

375 2814 480 2873 Ad
504 2814 775 2875 Missam.
859 2817 1167 2894 Officium!

374 2893 417 2952 J
419 2893 630 2953 ubilate
657 2896 782 2954 Deo
809 2897 992 2954 omnis
1017 2907 1193 2972 terra,
1221 2898 1498 2976 alleluya:

336 2971 576 3030 salmum
614 2974 784 3033 dicite
812 2976 1028 3033 nomini
1057 2977 1195 3055 ejus,
1223 2977 1498 3055 alleluya:

370 3057 428 3109 te
465 3051 704 3129 gloriam
732 3051 883 3111 laudi
911 3054 1049 3132 ejus,
1076 3054 1333 3133 alleluya,
1361 3056 1498 3116 alle-

296 3127 446 3204 luya,
472 3128 728 3206 alleluya.

372 3206 690 3265 Psazmusss

365 3281 540 3338 Dicite
563 3285 688 3354 Dec,
716 3284 889 3350 Quam
913 3286 1175 3343 terribilia
1191 3293 1320 3343 sunt
1337 3306 1498 3361 opera

293 3358 405 3423 tua,
425 3355 676 3457 ⁴”Domine
716 3375 728 3408 ε
770 3356 831 3410 in
879 3358 1232 3414 multitudine
1278 3360 1496 3415 virtutis

294 3429 422 3479 tuae.

377 3494 595 3554 Oratio,

374 3573 547 3646 Deus,
594 3574 691 3652 qui
739 3575 1078 3647 errantibus,
1123 3583 1190 3634 ut
1239 3575 1298 3634 in
1341 3579 1489 3637 viam

333 3651 510 3711 ossint
553 3653 744 3712 redire
782 3653 1041 3731 justitiae,
1078 3653 1333 3713 veritatis
1374 3666 1490 3716 tuae

289 3672 483 3790 lumen
512 3731 793 3790 ostendis:
838 3732 912 3789 da
935 3732 1152 3791 cunctis
1171 3733 1270 3810 qui
1295 3733 1490 3794 Chris-

288 3885 318 3916 *
351 3894 463 3949 cap.
490 3894 539 3932 v.
568 3875 632 3929 D.
659 3877 730 3949 (v.
758 3874 949 3930 18-21.

288 3947 318 3987 b
351 3945 887 4029 obedientiam—97.
915 3946 952 3999 4
1001 3987 1012 4001 .
1039 3945 1124 4002 26.
1152 3947 1238 4005 57.

285 4017 749 4214 Ξέἕέἐῖῥῗᾞ
763 4016 1242 4146 affligis-9⁷.
1275 4089 1361 4144 98.
1386 4090 1483 4146 4L.

282 4298 320 4332 κ
352 4295 483 4351 Non
504 4296 705 4352 dicetur
725 4272 1196 4357 ulterius—Gra&

1620 2813 1781 2874 tiana
1844 2813 2189 2893 professione
2239 2822 2565 2888 censentur,
2618 2826 2676 2876 et
2728 2815 2819 2875 illa

1619 2913 1888 2971 respuere
1932 2913 2062 2971 quae
2102 2893 2232 2951 huic
2277 2893 2511 2951 inimica
2549 2904 2684 2954 sunt
2723 2915 2817 2953 no-

1618 2973 1780 3043 mini,
1803 2980 1863 3031 et
1881 2990 1949 3031 ea
1967 2992 2095 3050 quse
2116 2979 2249 3031 sunt
2263 2979 2398 3050 apta
2415 2975 2639 3033 sectari.
2709 2975 2817 3033 Per

1616 3049 1944 3108 Dominum.

1694 3125 1888 3187 Lectio
1916 3127 2196 3206 Epistola:
2235 3127 2383 3186 beati
2420 3128 2596 3187 Petri
2633 3129 2815 3208 Apos-

1614 3206 1768 3264 ιοῐίῑ.11

1719 3283 2025 3358 Carissimi,
2092 3286 2320 3343 obsecro
2388 3304 2485 3343 vos
2551 3294 2812 3365 tanquam

1611 3362 1855 3421 advenas
1899 3371 1958 3423 et
2003 3364 2333 3455 peregrinos
2387 3364 2676 3424 abstinere
2722 3383 2815 3421 vos

1611 3460 1648 3498 a
1684 3440 1999 3499 carnalibus
2042 3441 2355 3513 desideriis,
2396 3462 2526 3519 quae
2571 3444 2816 3502 militant

1610 3519 1879 3579 adversus
1897 3519 2169 3591 animam,
2191 3522 2674 3580 conversationem
2696 3540 2813 3579 ves·

1608 3605 1760 3655 tram
1803 3598 1957 3657 inter
2000 3608 2202 3677 gentes
2245 3596 2519 3656 habentes
2569 3601 2806 3657 bonam:

1608 3683 1675 3733 ut
1726 3676 1787 3733 in
1840 3695 1909 3735 eo
1959 3676 2112 3752 quod
2157 3676 2484 3734 detractant
2533 3677 2609 3736 de
2657 3676 2811 3735 vobis

1608 3761 1877 3832 tanquam
1918 3754 1990 3813 de
2029 3752 2500 3826 malefactoribus,
2541 3775 2618 3814 ex
2653 3755 2812 3813 bonis

1607 3887 1633 3918 e
1666 3879 1743 3936 sic
1766 3880 1900 3935 551³.
1927 3879 2017 3936 ὣο.
2045 3880 2477 3952 peribunt—98.
2498 3884 2598 3941 41..
2622 3885 2700 3941 13.
2720 3885 2812 3941 26.

1604 3948 1629 3988 ¹
1666 3951 1754 4006 Ps.
1781 3951 1889 4006 lxv.
1916 3951 2069 4023 (lxvi.
2100 3952 2147 4022 1,
2173 3953 2251 4025 2.)

1603 4029 1633 4068 8
1666 4021 1738 4077 ib.
1768 4020 1838 4092 (v.
1867 4021 1942 4087 3.)

1605 4089 1635 4130 ¹²
1674 4091 1703 4146 1
1730 4091 1882 4147 Petri
1898 4108 2012 4164 cap.
2039 4090 2096 4148 ii.
2123 4092 2181 4149 O.
2208 4094 2280 4167 (v.
2311 4095 2527 4168 11-19.)

2378 1755 2514 1811 anni
2571 1755 2726 1813 rudis
2771 1756 2825 1812 in
2939 1776 2940 1831 j
