2975 5009
23 189 304 262 ι565Η

184 368 580 430 Satisfactores
607 368 836 429 stabiles

257 446 511 507 defectus
538 448 773 539 proprii.

181 525 263 585 Et
288 534 593 586 sectatores
619 525 816 618 vigiles

257 604 438 663 divini
476 605 754 664 beneficii.

110 682 182 740 In
206 683 444 741 secundo
462 691 729 741 memento
748 706 858 763 pro
877 682 1152 762 defunctis
1172 695 1305 758 oret,

182 759 271 819 Ut
296 780 401 840 per
425 762 814 820 suavissimum
844 765 1180 840 mysterium

256 839 506 899 habeant
533 841 864 899 continuum
892 842 1223 901 subsidium.

179 917 272 977 Ut
297 938 402 996 per
426 938 623 997 preces
650 919 896 979 ecclesiae
924 921 1196 994 fidelium,

256 995 506 1089 habeant
557 1017 727 1058 suave
788 1019 823 1056 a
888 1000 1069 1078 poenis
1136 999 1300 1061 refri-

336 1095 578 1154 genum.

177 1152 269 1212 Ut
295 1173 399 1232 per
425 1152 532 1213 hoc
558 1161 815 1214 nostrum
844 1155 1104 1214 divinum
1135 1157 1303 1216 viati-

335 1252 466 1290 cum

254 1308 504 1370 habeant
543 1329 731 1370 secum
760 1312 1011 1371 reditum
1039 1333 1105 1372 ac
1142 1334 1300 1373 sanc·

336 1396 527 1448 torum
555 1390 918 1449 consortium.

101 1468 236 1526 Post
298 1466 532 1525 missam
578 1469 655 1525 sit
703 1489 927 1527 summa
975 1470 1301 1546 qratiarum

176 1545 348 1616 (ποιέο,

174 1626 266 1683 De
283 1630 447 1682 tanto
464 1643 611 1701 pane
626 1624 953 1684 suavissimo
967 1625 1298 1705 angelorum

251 1709 507 1761 creatore
534 1710 918 1761 creaturarum
948 1712 1192 1783 recepto.

173 1782 266 1841 De
317 1788 484 1840 tanto
534 1781 660 1840 cibo
711 1790 991 1861 perpetuo
1044 1782 1299 1842 omnium

330 1867 655 1918 sanctorum

247 1946 507 1997 creatore
531 1947 919 1997 creaturarum
949 1946 1194 2017 recepto.

878 214 1021 265 ORA
1031 217 1149 265 '1⁸10
1182 218 1399 266 BEATI
1436 215 1855 265 AUGUS'I'INI.

2500 200 2630 264 566

1498 374 1589 433 De
1642 381 1808 433 tanto
1853 372 2056 432 viatico
2109 371 2363 450 proficuo
2415 369 2630 431 Christi

1654 452 1962 512 electorum

1573 540 1827 591 creatore
1853 537 2241 589 creaturarum
2267 536 2515 608 recepto.

1416 843 1751 902 Bmardus
1778 843 1939 915 dicit,

1498 922 1551 981 Ο
1599 923 1872 993 sacerdos,
1909 940 2111 999 corpus
2157 929 2319 978 tuum
2366 918 2619 996 quotidie

1575 1000 1822 1060 efficitur
1846 998 2203 1079 sepulchrum
2236 996 2467 1057 Christi.

1494 1079 1792 1148 Quomodo
1837 1099 1912 1138 ex
1958 1097 2056 1136 ore
2102 1085 2202 1135 tuo
2253 1075 2618 1155 progreditur

1569 1155 1834 1216 falsitas:
1907 1176 2014 1236 per
2078 1155 2229 1233 quod
2293 1153 2618 1235 ingreditur

1578 1235 1854 1295 Veritas?

1496 1312 1796 1382 Quomodo
1842 1312 1986 1373 oculi
2031 1312 2116 1371 tui
2159 1310 2358 1369 vident
2396 1309 2616 1369 vanita-

1570 1400 1715 1452 tem:
1744 1393 1839 1469 qui
1861 1391 2112 1470 quotidie
2133 1389 2415 1469 aspiciunt
2441 1389 2614 1447 Veri-

1569 1477 1748 1530 tatem
1771 1472 1796 1530 ἓ

1427 1570 1434 1577 ·
1493 1546 1794 1616 Quomodo
1835 1566 2034 1605 manus
2070 1554 2186 1605 tuae
2228 1545 2618 1605 extendantur

1567 1628 1640 1685 ad
1668 1626 1894 1686 illicita:
1924 1646 2052 1705 quae
2071 1633 2276 1684 tenent
2296 1624 2615 1684 Tenentem

1569 1705 1806 1765 omnia?

1490 1783 1788 1850 Quomodo
1840 1791 1901 1843 te
1952 1781 2138 1861 reples
2190 1787 2252 1840 et
2302 1780 2617 1859 ingurgitas

1572 1863 1708 1921 vino
1744 1883 1759 1921 t
1826 1862 1924 1940 qui
1982 1861 2158 1921 debes
2225 1878 2346 1918 esse
2412 1858 2616 1938 plenus

1574 1941 1701 2000 Deo
1720 1943 1746 2000 ‘t'
1764 1956 1793 1986 ⁸

138 2227 399 2303 Oratio
472 2229 854 2302 beatissimi
917 2229 1307 2325 Auqustini
1370 2233 1678 2304 dicenda
1741 2258 1872 2327 per
1928 2230 2350 2303 sacerdotem
2407 2239 2570 2300 ante

793 2330 1094 2401 Missam
1138 2355 1285 2425 pro
1346 2332 1700 2405 devotione
1756 2358 1912 2405 sua.

168 2550 410 2610 Summe
455 2549 714 2610 sacerdos
755 2558 816 2608 et
856 2570 992 2610 vere
1030 2550 1299 2629 pontifex

95 2627 231 2687 Jesu
284 2628 533 2699 Christe,
587 2630 684 2708 qui
737 2636 798 2688 te
851 2629 1109 2688 obtulisti
1179 2633 1299 2690 Deo

95 2704 251 2766 Patri
281 2706 526 2765 hostiam
555 2728 758 2786 puram
788 2716 847 2767 et
873 2706 1297 2767 immaculatam

95 2783 151 2842 in
191 2806 296 2844 ara
335 2786 514 2844 crucis
556 2807 659 2865 pro
700 2786 860 2844 nobis
902 2788 1125 2846 miseris
1168 2808 1300 2866 pec·

95 2866 415 2934 catoribus3
469 2864 568 2942 qui
613 2864 824 2924 dedisti
865 2885 1096 2925 carnem
1137 2874 1296 2924 tuam

92 2942 162 3000 ad
188 2942 668 3014 manducandum,
690 2952 750 3002 et
774 2944 1107 3022 sanguinem
1136 2952 1297 3002 tuum

91 3021 160 3079 ad
200 3021 557 3092 bibendum
600 3031 660 3081 et
699 3022 935 3101 posuisti
962 3023 1116 3080 istud
1145 3043 1298 3099 mys-

90 3100 303 3159 terium
369 3101 431 3158 in
500 3101 712 3159 virtute
781 3100 1026 3178 Spiritus
1081 3102 1296 3173 Sancti,

87 3178 322 3250 dicens;
380 3178 524 3236 Haec
562 3179 1004 3257 quotiescunque
1030 3177 1296 3252 fecerim,

87 3257 148 3314 in
177 3258 298 3315 mei
327 3258 662 3315 memoriam
688 3257 943 3317 facietis=
993 3278 1099 3337 ego
1138 3278 1292 3330 vero,

86 3355 315 3394 memor
368 3334 537 3413 hujus
594 3337 931 3396 venerandae
998 3336 1293 3415 passionis,

85 3412 354 3493 confugio
406 3421 465 3472 et
518 3415 718 3473 accedo
761 3416 835 3473 ad
881 3414 1063 3473 altare
1109 3425 1293 3486 tuum,

84 3493 230 3551 sicut
296 3501 516 3550 eccator
535 3492 820 3572 indigum,
841 3501 907 3551 ut
927 3493 1165 3553 offeram
1186 3494 1292 3552 tibi

82 3571 226 3630 sacri
281 3570 431 3627 cium
459 3572 609 3647 quod
635 3582 699 3630 tu
737 3573 860 3650 ipse
887 3572 1203 3642 instituisti,
1231 3582 1292 3631 et

82 3648 290 3709 offerri
328 3649 648 3727 praecepisti
672 3650 733 3707 in
757 3651 1294 3710 commemoratione

81 3737 184 3787 tua
204 3746 318 3807 pro
337 3726 517 3786 salute
538 3735 751 3786 nostra.
836 3728 911 3786 In
932 3748 1044 3808 quo
1062 3729 1291 3806 quidem

78 3826 215 3865 caro
256 3814 359 3864 tua
395 3806 458 3863 in
497 3806 736 3865 veritate
776 3808 1039 3878 sumitur,
1068 3806 1293 3885 sanguis

79 3894 215 3943 tuus
244 3883 310 3940 in
339 3883 579 3943 veritate
606 3883 858 3956 bibitum
900 3886 1017 3943 ima
1036 3885 1291 3956 summis,

78 3963 285 4021 divina
329 3961 591 4021 humanis
632 3964 1075 4043 conjunguntur.
1177 3964 1293 4023 Sed

115 4042 208 4100 uis
227 4040 404 4119 digne
424 4040 530 4099 hoc
545 4040 830 4101 celebrare
850 4051 1060 4122 potest,
1084 4042 1190 4100 nisi
1208 4050 1291 4114 tu,

140 4140 248 4181 eus
295 4119 451 4177 omni
494 4128 676 4191 otens,
714 4120 1053 4190 offerentem
1094 4119 1293 4179 feceris

75 4199 373 4279 dignum?
490 4207 614 4258 erte
633 4197 748 4259 scio
773 4207 834 4260 et
858 4199 1106 4279 idipsum
1133 4199 1290 4258 boni·

69 4398 93 4428 ⁸
134 4406 209 4444 ex
240 4386 326 4442 15.
354 4387 669 4444 desumitur.

525 4461 650 4525 36*

1410 2554 1517 2613 tati
1534 2563 1649 2613 tuse
1665 2552 1959 2624 confiteor,
1979 2551 2130 2630 quod
2142 2570 2255 2609 non
2272 2571 2397 2609 sum
2408 2550 2615 2629 dignus

1408 2633 1674 2692 accedere
1693 2632 1767 2690 ad
1785 2638 2008 2689 tantum
2032 2630 2363 2706 mysterium
2380 2637 2616 2707 propter

1411 2712 1591 2769 nimia
1654 2718 1887 2789 peccata
1938 2728 2068 2766 mea
2119 2716 2179 2766 et
2233 2706 2613 2786 negligentias

1412 2809 1564 2848 meas
1605 2787 1879 2846 infinitas.
1963 2786 2077 2846 Sed
2104 2785 2219 2843 scio
2254 2793 2314 2844 et
2339 2785 2615 2843 veraciter

1412 2869 1600 2939 credo,
1627 2874 1860 2945 totoque
1895 2864 2066 2923 corde
2105 2872 2167 2922 et
2202 2882 2302 2923 ore
2336 2862 2615 2921 confiteor

1408 2947 1544 3025 quia
1569 2954 1633 3004 tu
1671 2954 1875 3023 potens
1911 2963 1970 3002 es
2011 2962 2104 3000 me
2127 2940 2315 3001 facere
2353 2941 2412 2999 di
2454 2959 2611 3011 num,

1409 3026 1508 3104 qui
1549 3024 1698 3083 solus
1736 3024 1809 3082 de
1850 3021 2100 3101 indignis
2140 3021 2362 3099 dignos,
2431 3039 2463 3077 e
2502 3020 2612 3076 im·

1410 3104 1638 3163 mundis
1658 3101 1920 3172 mund08,
1937 3100 2010 3159 de
2031 3097 2416 3179 peccatoribus
2429 3098 2614 3177 justos

1408 3181 1542 3241 facis
1560 3192 1620 3241 et
1638 3189 1879 3239 sanctos·
1932 3177 2048 3238 Per
2067 3177 2213 3236 hanc
2233 3176 2410 3256 igitur
2429 3174 2613 3234 omni-

1406 3261 1722 3340 potentiam
1744 3267 1900 3318 tuam
1925 3265 1984 3317 et
2009 3254 2446 3316 inenarrabilem
2469 3253 2612 3313 cari-

1406 3348 1587 3399 tatem
1607 3336 1967 3417 implorando
1985 3334 2344 3395 clementiam
2367 3344 2525 3394 tuam
2550 3339 2612 3391 te

1405 3437 1563 3497 rogo,
1604 3427 1670 3477 ut
1709 3416 1852 3474 mihi
1933 3414 2195 3485 occatori,
2236 3432 2404 3490 quem
2458 3414 2612 3472 inter

1404 3505 1615 3555 caetera
1654 3496 1807 3554 dona
1850 3436 1931 3553 εις
1966 3492 2214 3551 officium
2261 3489 2613 3552 sacerdotale

1403 3595 1604 3634 vocare
1629 3574 1898 3652 dignatus
1926 3591 2006 3643 es,
2034 3569 2204 3629 nullis
2226 3571 2369 3629 meis
2389 3569 2612 3629 meritis

1402 3654 1505 3713 sed
1531 3651 1648 3711 sola
1680 3653 1737 3710 di
1820 3652 2008 3710 atione
2033 3648 2434 3707 misericordiae
2471 3658 2609 3717 tuse,

1403 3731 1712 3791 concedere
1740 3673 2001 3809 {igneris
2037 3725 2144 3785 hoc
2174 3724 2399 3787 coeleste
2438 3728 2610 3785 sacri-

1406 3810 1599 3868 ficium
1641 3807 1948 3879 celebrare,
1989 3826 2054 3866 ac
2092 3813 2318 3864 tantum
2361 3813 2608 3864 tractare

1407 3887 1743 3964 mysterium
1797 3906 1866 3945 ea
1908 3883 2233 3945 reverentia
2279 3891 2340 3942 et
2389 3883 2609 3942 honore

1404 3965 1707 4025 devotione
1735 3972 1795 4022 et
1823 3965 2029 4021 timore
2055 3982 2121 4021 ac
2146 3961 2332 4020 cordis
2356 3961 2609 4041 puritate

1403 4044 1608 4121 quibus
1645 4043 1830 4112 decet,
1858 4041 1931 4100 de
1970 4041 2208 4119 ipsoque
2234 4041 2488 4111 credere,
2515 4040 2607 4096 in-

1403 4122 1684 4201 telligere,
1734 4120 1972 4189 sentire,
2025 4118 2275 4178 firmiter
2333 4118 2605 4190 retinere,

1402 4200 1594 4261 dicere
1621 4207 1683 4260 et
1705 4198 1958 4277 cogitare
1997 4197 2150 4274 quod
2188 4195 2296 4256 tibi
2333 4195 2519 4275 placet
2546 4206 2606 4256 et
