2975 5009
381 259 511 328 407

484 433 698 508 Feria
763 438 1074 509 secunda
1153 440 1234 510 in
1303 440 1595 535 Roqati-

380 536 650 608 onibus,

463 632 536 693 Si
551 654 585 689 a
592 632 738 708 flesto
754 653 881 692 cum
896 633 1170 710 reyimine
1190 636 1347 694 chori
1361 658 1591 696 vacave-

385 710 484 781 rit,
538 711 755 769 dicitur
797 720 927 790 poet
972 721 1185 771 sextam
1221 734 1333 791 pro
1379 735 1593 791 magma

383 788 579 860 missa,
611 789 820 847 scilicet
861 788 1080 849 Vocem
1114 791 1501 868 jocunditatiS,
1528 802 1592 852 ut

382 888 560 944 supra
589 867 655 925 in
682 865 1064 926 Dominica.'‘'
1128 870 1207 928 Et
1233 870 1301 928 in
1315 872 1590 948 processi-

383 966 485 1004 one
510 945 728 1002 dieitur
751 946 867 1004 hoec
893 946 1134 1004 misem*

466 1021 774 1098 Officium.⁸

478 1100 785 1160 Exaudivit
833 1101 907 1161 de
958 1101 1175 1182 templo
1227 1110 1422 1162 sancto
1487 1124 1589 1163 suo

382 1199 575 1238 vocem
632 1199 837 1252 meam,
891 1178 1170 1258 alleluya:
1272 1190 1331 1240 et
1372 1182 1589 1241 clamor

381 1277 541 1317 meus
587 1257 648 1315 in
694 1266 995 1336 conspeetu
1037 1260 1176 1332 e’uS,
1221 1259 1480 1320 introivit
1526 1261 1587 1319 in

381 1356 546 1396 aures
573 1337 709 1407 εἰπε,
737 1335 996 1414 alleluya,
1098 1337 1281 1414 eluya.

461 1415 584 1472 Psa
606 1414 778 1471 vnn-33³

451 1491 688 1562 Diligam
727 1496 796 1559 te,
842 1489 1087 1560 Domine,
1124 1490 1386 1546 fortitudo
1429 1509 1584 1547 mea:

380 1561 648 1616 Dominus
692 1562 1099 1616 firmamentum
1146 1579 1329 1616 meum
1389 1569 1445 1618 et
1504 1581 1584 1618 re·

375 1633 590 1763 fugioum
613 1650 794 1688 meum
817 1638 874 1688 et
895 1633 1152 1688 liberator
1174 1650 1341 1688 meus.

515 1704 682 1763 ratio·

434 1779 674 1854 Praesta,
682 1801 1018 1860 quaesumus,
1030 1783 1389 1860 omnipotens
1401 1781 1581 1856 Deus,

377 1869 445 1921 ut
497 1862 595 1939 qui
640 1862 702 1918 in
751 1859 1058 1919 afflictione
1111 1868 1307 1919 nostra
1357 1861 1430 1920 de
1484 1870 1585 1921 tua

376 1941 591 2019 pietate
616 1938 971 2010 confidimuS,
987 1946 1186 1997 contra
1208 1940 1442 1998 adversa
1460 1960 1582 1997 om·

376 2038 473 2076 ma
496 2027 597 2077 tua
615 2036 840 2095 semper
865 2017 1218 2095 protectione
1238 2019 1578 2077 muniamur.

374 2094 716 2235 Pegecunda
745 2169 944 2230 Oratio
969 2170 1038 2228 de
1056 2178 1245 2228 sancto
1276 2170 1345 2228 de
1371 2193 1478 2249 quo
1506 2182 1582 2231 est

377 2252 604 2310 ecclesia
624 2250 732 2308 illa
752 2248 787 2327 †
810 2271 832 2319 ;
853 2249 1024 2305 tertia
1043 2248 1227 2306 oratio
1246 2249 1314 2307 de
1331 2260 1356 2290 ⁰
1381 2249 1580 2309 Omni-

377 2331 475 2387 bus
515 2328 762 2399 Sanctis,
807 2325 1007 2384 Oratio
1038 2325 1319 2400 Concede,
1357 2348 1579 2406 quaesu-

376 2427 523 2478 muS,
553 2407 911 2482 omnipotens
937 2403 1141 2463 Densa³

451 2483 646 2542 Lectio
670 2482 945 2562 Epistoloe
971 2482 1119 2541 beati
1152 2481 1359 2542 Jacobi
1385 2483 1574 2562 Apos-

371 2562 528 2620 tolifi

453 2638 766 2712 carissimi,
817 2637 1186 2700 Confitemini
1232 2638 1573 2700 alterutrum

369 2728 601 2798 peecata
626 2728 828 2789 vestra,
848 2728 912 2793 et
932 2727 1089 2776 orate
1115 2737 1220 2795 pro
1240 2719 1480 2777 invicem
1508 2727 1574 2777 ut

367 2797 694 2858 salvemini:
742 2795 985 2854 multum
1012 2797 1166 2855 enim
1194 2796 1342 2855 valet
1367 2798 1570 2875 depre-

367 2877 515 2936 catio
537 2877 674 2956 justi
701 2874 939 2933 assidua.
1020 2874 1222 2933 Helias
1248 2873 1418 2933 homo
1445 2884 1571 2934 erat

366 2954 567 3013 similis
619 2952 781 3013 nobis
873 2951 1110 3011 assibilis
1133 2976 1147 3013 ε
1204 2961 1265 3011 et
1316 2953 1570 3013 oratione

366 3034 548 3092 oravit
574 3041 640 3090 ut
668 3052 782 3090 non
809 3051 846 3109 p
868 3040 1033 3090 neret
1057 3051 1226 3109 super
1250 3038 1486 3102 terram,
1510 3040 1570 3090 et

366 3131 480 3168 non
525 3109 672 3191 pluit
711 3129 885 3168 annos
919 3119 1039 3168 tres
1075 3119 1135 3168 et
1181 3128 1401 3167 menses
1445 3129 1566 3168 sex.

365 3187 447 3247 Et
499 3210 725 3247 rursum
771 3188 950 3247 oravit
973 3211 987 3248 ε
1050 3196 1111 3247 et
1161 3186 1364 3245 eoelum
1409 3187 1570 3246 dedit

364 3265 615 3345 pluviam
641 3276 701 3325 et
727 3275 883 3325 terra
921 3266 1082 3326 dedit
1109 3265 1351 3325 fructum
1381 3286 1565 3324 suum.

365 3344 429 3405 Si
475 3346 600 3423 quis
644 3353 837 3404 autem
885 3365 960 3404 ex
1002 3346 1158 3402 vobis
1205 3344 1480 3404 erraverit
1533 3363 1568 3402 a

363 3423 623 3493 veritate,
678 3432 739 3484 et
799 3422 1144 3481 converterit
1201 3421 1325 3498 quis
1391 3442 1522 3480 eum
1552 3442 1565 3479 :

362 3500 505 3560 scire
540 3503 711 3562 debet
737 3501 1000 3579 quoniam
1028 3498 1124 3577 qui
1151 3499 1402 3558 converti
1421 3500 1567 3558 fece-

340 3579 443 3637 ‘rit
467 3589 815 3657 peccatorem
842 3581 913 3637 ab
941 3596 1135 3635 errore
1162 3577 1268 3635 viae
1295 3597 1430 3648 suae,
1457 3577 1567 3636 sal-

364 3658 517 3716 vabit
556 3659 808 3716 animam
848 3657 968 3734 ejus
1000 3675 1036 3713 a
1062 3663 1264 3726 morte,
1293 3665 1354 3714 et
1380 3658 1569 3734 operit

364 3735 791 3797 multitudinem
815 3741 1192 3814 peecatorum.

359 3919 389 3948 ὃ
427 3910 514 3964 Ps.
541 3908 670 3965 xvii.
697 3906 869 4032 gviii.
896 3905 972 3978 6.)

361 3981 390 4019 b
424 3982 498 4036 ib.
527 3981 598 4051 (v.
627 3981 676 4049 1,
746 3978 784 4049 .)

360 4061 387 4091 ⁰
422 4045 1002 4106 montione—92.
1030 4044 1114 4099 98.

361 4121 392 4161 (ἰ
425 4138 540 4193 eap.
567 4138 616 4175 v.
644 4119 708 4173 D.
737 4118 808 4190 (v.
840 4116 1057 4189 16-20.)

347 4274 385 4309 ’κ’
420 4273 586 4327 Nona
608 4289 724 4327 vero
757 4275 987 4340 cantata,
1015 4272 1317 4326 domnibus
1343 4288 1557 4341 praepa·

353 4346 489 4398 ratis
525 4360 643 4414 quae
665 4343 740 4397 ad
759 4343 1138 4411 processionem
1164 4343 1448 4412 pertinent,
1475 4349 1559 4396 eat

350 4414 618 4467 Processio
632 4414 709 4468 ad
724 4413 961 4483 aliquam
978 4413 1237 4467 eeclesiam
1255 4413 1317 4465 in
1333 4413 1555 4481 civitate,

351 4488 413 4536 ut
447 4483 664 4551 plenius
709 4485 773 4537 in
819 4483 1203 4537 Processionali
1242 4484 1551 4536 continetur.

1671 3510 1974 3588 placitent.

992 279 1214 329 mam
1248 279 1582 330 saeuum
1618 285 1698 333 m
1729 286 2291 342 Boetia-lomnes.
2773 281 2879 345 408

1778 442 2051 517 Alleluya.
2125 447 2186 502 V.
2284 447 2633 504 confitemini
2680 450 2883 506 Domino

1706 514 1964 582 quoniam
2000 517 2176 571 bonus
2214 539 2225 571 :
2266 521 2525 588 quoniam
2560 520 2620 574 in
2655 522 2882 577 saeculum

1707 583 2068 640 misericordia
2091 588 2139 658 ej
2149 598 2252 643 ua*3

1791 655 2108 715 Secundum
2137 658 2399 718 Ducam.¹

1785 733 1859 791 In
1898 735 1995 794 illo
2032 746 2311 828 tempore,
2341 739 2512 798 Dixit
2550 738 2596 798 J
2597 761 2719 800 esus
2741 740 2879 800 disci·

1705 810 1853 888 pulis
1878 814 2024 886 suis;
2070 815 2214 884 Quis
2233 825 2487 876 vestrum
2508 818 2738 878 habebit
2760 819 2879 877 ami-

1704 908 1854 962 oum,
1881 900 1942 949 et
1978 892 2084 952 ibit
2121 894 2194 952 ad
2233 894 2391 953 illum
2421 896 2613 955 media
2639 905 2808 967 nocte,
2830 905 2881 956 et

1705 967 1856 1028 dicet
1883 969 1966 1027 illi
1990 994 2004 1030 z
2047 971 2267 1045 Amice,
2296 976 2591 1033 commoda
2621 975 2756 1033 mihi
2781 986 2879 1033 tres

1744 1066 1880 1106 anes
1898 1068 1916 1119 ;
1977 1051 2242 1127 quoniam
2296 1052 2508 1110 amicus
2550 1074 2707 1112 meus
2748 1054 2881 1112 venit

1746 1145 1778 1183 e
1822 1127 1915 1184 via
1957 1128 2031 1185 ad
2077 1149 2188 1200 me,
2243 1138 2303 1187 et
2356 1150 2472 1189 non
2526 1130 2707 1191 habeo
2753 1132 2878 1210 quod

1701 1220 1910 1279 ponam
1962 1215 2097 1264 ante
2138 1206 2315 1265 illum.
2417 1207 2496 1268 Et
2540 1208 2637 1270 ille
2680 1211 2879 1269 deintus

1702 1283 2047 1360 respondens
2073 1284 2257 1344 dieat:
2300 1284 2441 1345 Noli
2470 1288 2612 1344 mihi
2642 1288 2878 1346 molestus

1702 1378 1841 1430 esse,
1864 1360 1982 1439 jam
2010 1363 2216 1422 ostium
2243 1363 2493 1422 clausum
2523 1375 2630 1437 est,
2659 1375 2718 1426 et
2742 1365 2875 1445 pueri

1700 1438 1816 1495 mei
1844 1459 2062 1498 mecum
2092 1450 2225 1500 sunt
2249 1443 2310 1499 in
2332 1442 2519 1515 cubili,
2539 1464 2655 1501 non
2682 1464 2875 1522 possum

1699 1533 1930 1593 surgere
1970 1525 2029 1576 et
2066 1519 2203 1579 dare
2229 1520 2351 1578 tibi.
2448 1520 2530 1580 Et
2570 1521 2665 1581 ille
2690 1522 2735 1579 si
2770 1542 2876 1602 per·

1698 1596 2040 1654 severaverit
2091 1597 2337 1688 pulsaue,
2391 1599 2521 1658 dico
2575 1601 2745 1672 vobi3‚
2790 1599 2874 1658 etsi

1698 1690 1814 1729 non
1841 1673 2002 1732 dabit
2027 1673 2109 1732 ilh
2136 1696 2387 1754 surgenS,
2417 1698 2484 1736 eo
2511 1679 2664 1756 quod
2695 1678 2875 1736 amicus

1698 1751 1818 1828 ejus
1844 1751 1935 1823 sit,
1976 1763 2212 1833 propter
2252 1757 2331 1812 im
2376 1756 2679 1814 robitatem
2707 1766 2874 1814 tamen

1696 1829 1819 1913 ejus
1844 1837 2057 1921 surget,
2075 1841 2135 1891 et
2149 1833 2307 1891 dabit
2326 1835 2347 1891 i
2388 1835 2408 1892 i
2429 1843 2707 1911 quotquot
2729 1834 2873 1892 habet

1697 1926 2053 1967 necessarios·
2120 1909 2199 1969 Et
2221 1931 2325 1990 ego
2342 1914 2496 1970 vobis
2513 1913 2658 1970 dico:
2690 1913 2869 1981 Petite,

1698 1993 1755 2043 et
1788 1985 2019 2044 dabitur
2058 1990 2239 2048 vobis:
2283 1992 2544 2067 quaerite,
2583 2000 2643 2049 et
2679 1989 2872 2048 inveni-

1697 2064 1831 2123 etis:
1860 2063 2094 2142 pulsate,
2119 2074 2178 2125 et
2198 2069 2487 2146 aperietur
2507 2069 2679 2127 vobiS.
2751 2068 2869 2126 Om-

1696 2141 1783 2200 nis
1830 2143 1982 2200 enim
2035 2144 2132 2221 qui
2178 2147 2344 2224 petit,
2390 2147 2631 2225 accipit:
2687 2154 2744 2206 et
2790 2144 2869 2224 qui

1733 2220 1918 2291 uaerit,
1938 2221 2190 2282 invenit:
2234 2233 2292 2282 et
2318 2224 2569 2303 pulsanti
2590 2225 2866 2303 aperietur.

1694 2238 1841 2365 {luis
1891 2307 2083 2357 autem
2139 2321 2212 2359 ex
2265 2303 2422 2361 vobis
2474 2314 2695 2384 patrem
2743 2300 2869 2381 petit

1692 2396 1917 2454 panem,
1962 2380 2235 2456 numquid
2279 2379 2524 2459 lapidem
2566 2382 2722 2440 dabit
2761 2378 2867 2437 illi?

1690 2455 1812 2512 Aut
1838 2456 2087 2534 piscem:
2132 2460 2405 2536 numquid
2446 2480 2552 2538 pro
2592 2460 2740 2550 pisce
2771 2476 2865 2516 ser-

1690 2541 1923 2610 pentem
1969 2533 2130 2594 dabit
2175 2536 2304 2596 illi?
2385 2537 2516 2596 Aut
2563 2558 2610 2596 st
2661 2533 2866 2617 petierit
2931 2580 2932 2583 η

1687 2631 1893 2671 ovum:
1950 2614 2224 2692 numquid
2267 2617 2524 2694 porriget
2566 2616 2646 2673 illi
2686 2611 2865 2693 scorpi-

1689 2692 1905 2749 onem?
1987 2691 2048 2750 Si
2090 2712 2224 2770 ergo
2264 2713 2361 2751 vos
2402 2715 2527 2752 eum
2570 2694 2693 2752 sitis
2733 2691 2864 2760 mali,

1686 2767 1862 2826 nostis
1912 2770 2061 2826 bona
2111 2770 2245 2828 data
2286 2772 2423 2832 dare
2471 2771 2605 2832 filiis
2654 2772 2863 2831 vestris:

1683 2854 1896 2922 quanto
1944 2848 2122 2926 magis
2178 2849 2354 2907 Pater
2399 2859 2586 2909 vester
2632 2850 2704 2909 de
2748 2846 2865 2907 coelo
2923 2888 2924 2893 κ

1682 2923 1841 2982 dabit
1869 2925 2145 3003 Spiritum
2176 2928 2388 2985 bonum
2409 2928 2735 3007 petentibus
2760 2927 2850 2985 se?
2921 2956 2922 2969 κ

1766 3000 2174 3078 offertorium.ss
2919 3014 2920 3047 ¹

1753 3077 2059 3134 Confitebor
2094 3081 2326 3136 Domino
2352 3083 2516 3136 nimis
2539 3083 2598 3136 in
2623 3101 2713 3137 ore
2734 3097 2863 3135 meo:
2917 3078 2918 3123 l

1682 3152 1737 3202 et
1760 3148 1821 3201 in
1846 3150 2021 3203 medio
2044 3152 2341 3206 multorum
2372 3154 2603 3208 laudabo
2627 3171 2762 3220 eum,
2786 3149 2863 3221 qui

1679 3219 1858 3274 astitit
1880 3220 1949 3274 ad
1972 3221 2247 3277 dexteram
2285 3225 2535 3295 pauperis
2562 3245 2573 3276 ε
2601 3231 2665 3279 ut
2687 3225 2860 3278 salvam

1679 3288 1877 3414 {alloefet
1900 3309 1934 3345 a
1963 3295 2406 3363 persequentibus
2428 3295 2671 3350 animam
2694 3309 2860 3359 meam,

1759 3378 1788 3415 e
1813 3378 1934 3430 uya.

1781 3432 1902 3489 Hic
1925 3511 1937 3523 ο
1954 3434 2072 3508 fiat
2122 3456 2300 3494 sermo
2353 3436 2435 3495 ad
2476 3437 2772 3515 populum,
2815 3432 2862 3491 si

1760 3588 2000 3648 Secreta.

1761 3666 1909 3725 Haeo
1947 3687 2202 3740 munera,
2244 3669 2512 3742 Domine,
2547 3687 2860 3749 quaesumuS,

1682 3753 1741 3804 et
1769 3743 1990 3804 vincula
2014 3753 2224 3806 nostrae
2250 3749 2546 3826 pravitatis
2573 3748 2860 3816 absolvant,

1681 3914 1706 3943 Θ
1742 3904 1829 3959 Ps.
1855 3905 2011 3960 exvii.
2040 3905 2241 3976 (cxviii.
2270 3907 2318 3960 1.

1677 3975 1699 4013 ¹'
1738 3993 1849 4048 cap.
1878 3975 2040 4060 '‘l-„B-
2069 3977 2140 4058 (ν.
2169 3907 2354 4100 5-13.ξ

1678 4056 1706 4093 8
1743 4047 1828 4101 ΡΒ.
1855 4063 1994 4101 evm.
2024 4048 2146 4118 (cix.
2177 4046 2260 4117 30,
2290 4047 2322 4100 3
2363 4047 2403 4119 .)

1673 4272 1844 4325 Missa
1877 4272 1942 4325 cle
1964 4271 2182 4338 jejunio
2216 4272 2328 4324 nisi
2341 4271 2425 4339 fit
2458 4273 2619 4325 statio
2653 4274 2728 4327 ad
2759 4272 2862 4324 mak-

1672 4342 2374 4482 ssassffisstrssdtdtio—erad.
