2975 5009
110 213 253 316 125

192 393 225 422 ⁸
241 385 414 444 Beati
439 404 681 463 quorum
709 387 958 446 remissas
977 396 1110 446 sunt
1134 386 1340 465 iniqui-

102 472 268 522 tates
293 486 307 522 :
351 472 410 523 et
435 484 675 542 quorum
705 473 856 523 tecta
879 475 1013 524 sunt
1038 475 1283 545 peccata.

190 542 410 601 Beatus
448 542 554 612 vir,
592 544 682 600 cui
722 563 835 601 non
876 545 1177 623 imputavit
1219 545 1338 603 Do-

103 622 306 678 minus
361 630 649 700 peccatum
674 645 689 682 ε
745 642 848 681 nec
890 633 976 683 est
1022 624 1083 681 in
1129 623 1333 702 spiritu

102 699 241 776 ejus
267 699 449 759 dolus.

191 778 478 845 Quoniam
506 779 675 849 tacui,
711 777 1171 839 inveteraverunt
1211 799 1333 838 ossa

100 877 277 915 mea:
322 858 459 915 dum
485 855 788 915 clamarem
814 866 937 916 tota
961 859 1072 917 die.

194 935 487 1002 Quoniam
527 935 621 994 die
660 956 725 993 ac
766 945 930 996 nocte
969 946 1203 1016 gravata
1242 948 1330 998 est

99 1032 285 1091 super
314 1034 406 1073 me
448 1034 648 1073 manus
685 1022 818 1075 tua:
868 1035 1163 1075 conversus
1202 1037 1326 1075 sum

102 1091 167 1149 in
203 1112 466 1150 aerumna
493 1113 635 1164 mea,
657 1093 793 1150 dum
816 1094 1120 1173 configitur
1145 1095 1324 1173 spina.

189 1169 486 1230 Delictum
516 1191 705 1230 meum
733 1173 1019 1251 cognitum
1047 1174 1152 1232 tibi
1180 1174 1286 1233 feci
1309 1196 1323 1234 z

103 1256 169 1306 et
199 1249 539 1326 injustitiam
566 1270 749 1308 meam
779 1271 893 1308 non
920 1252 1202 1310 abscondi.

189 1327 357 1399 Dixi,
378 1328 690 1386 confitebor
707 1329 1005 1388 adversum
1032 1350 1124 1389 me
1150 1331 1327 1409 injus-

101 1405 300 1465 titiam
329 1426 516 1464 meam
554 1406 837 1466 Domino:
877 1417 937 1466 et
963 1419 1026 1466 tu
1052 1410 1323 1470 remisisti

102 1484 469 1561 impietatem
497 1486 706 1562 peccati
735 1486 868 1544 mei.

188 1563 310 1621 Pro
339 1562 443 1621 hac
463 1564 645 1621 orabit
669 1564 741 1622 ad
767 1572 826 1623 te
853 1564 1038 1623 omnis
1062 1575 1320 1628 sanctus:

100 1640 165 1700 in
195 1649 459 1719 tempore
481 1649 814 1721 opportuno.

188 1719 615 1779 Verumtamen
668 1720 729 1778 in
781 1720 993 1779 diluvio
1046 1741 1319 1799 aquarum

103 1798 445 1858 multarum:
464 1799 537 1857 ad
553 1818 683 1857 eum
700 1819 812 1857 non
823 1800 1318 1878 approximabunt.

187 1877 277 1934 Tu
295 1897 356 1935 es
377 1875 656 1956 refugium
678 1898 864 1936 meum
886 1898 921 1935 a
935 1879 1319 1953 tribulatione,

102 1974 235 2032 quae
274 1955 646 2014 circumdedit
682 1975 809 2015 me:
854 1956 1128 2017 exultatio
1174 1979 1318 2031 mea,

103 2054 244 2093 erue
273 2054 367 2092 me
395 2053 430 2091 a
453 2033 927 2093 circumdantibus
954 2055 1064 2094 me.

183 2111 550 2171 Intellectum
590 2113 697 2171 tibi
737 2114 899 2185 dabo,
944 2122 1003 2173 et
1041 2114 1317 2173 instruam

100 2200 163 2250 te
192 2191 256 2248 in
283 2191 375 2249 via
400 2190 540 2251 hac:
579 2211 690 2268 qua
717 2192 1031 2269 gradieris:
1076 2194 1318 2252 firmabo

100 2289 280 2348 super
305 2277 367 2327 te
399 2269 584 2328 oculos
611 2290 786 2328 meos.

181 2346 384 2408 Nolite
423 2347 553 2408 fieri
593 2349 734 2407 sicut
772 2368 947 2426 equus
987 2358 1048 2409 et
1094 2349 1311 2410 mulus:

98 2426 307 2503 quibus
333 2446 450 2485 non
477 2435 562 2486 est
587 2427 921 2487 intellectus.

183 2504 261 2562 In
307 2525 468 2564 camo
506 2513 566 2564 et
602 2504 781 2564 froeno
833 2504 1089 2565 maxillas
1120 2527 1313 2566 eorum

97 2583 463 2663 constringe:
520 2584 617 2661 qui
657 2604 772 2643 non
810 2586 1218 2664 approximant
1244 2586 1317 2643 ad

100 2825 300 2876 autem
326 2819 386 2876 in
410 2819 657 2878 Domino
680 2820 1062 2879 misericordia
1080 2841 1316 2878 circum-

101 2896 285 2954 dabit.

181 2975 493 3033 Laetamini
540 2975 600 3032 in
655 2975 903 3033 Domino
948 2985 1008 3035 et
1061 2975 1313 3036 exultate

100 3053 237 3130 justi
262 3075 277 3111 z
308 3062 369 3113 et
391 3053 716 3132 gloriamini
744 3074 938 3113 omnes
958 3055 1099 3114 recti
1126 3057 1312 3114 corde.

184 3130 403 3192 Gloria.

167 3288 476 3359 bDomine,
496 3308 568 3347 ne
585 3287 644 3345 in
658 3287 846 3348 furore
863 3296 962 3347 tuo
976 3309 1175 3368 arguas
1192 3311 1309 3349 me:

107 3385 287 3443 neque
313 3369 372 3424 in
400 3366 491 3425 ira
514 3374 616 3424 tua
641 3365 911 3445 corripias
938 3388 1046 3426 me.

179 3445 461 3512 Quoniam
508 3444 732 3522 sagittae
777 3453 891 3504 tuae
935 3446 1133 3503 infixae
1177 3455 1311 3505 sunt

110 3523 245 3580 mihi
269 3546 284 3586 ε
307 3539 366 3584 et
392 3522 746 3583 confirmasti
764 3542 933 3602 super
960 3545 1052 3583 me
1078 3543 1307 3582 manum

109 3609 277 3659 tuam.

180 3679 244 3738 N
247 3701 318 3739 on
346 3689 434 3739 est
455 3678 668 3738 sanitas
687 3679 744 3736 in
774 3699 941 3738 carne
968 3700 1095 3739 mea
1118 3701 1154 3738 a
1169 3678 1308 3740 facie

110 3756 207 3816 irae
244 3767 399 3818 tuae:
446 3778 562 3816 non
605 3766 692 3817 est
729 3778 843 3836 pax
871 3759 1081 3818 ossibus
1107 3759 1249 3817 meis
1275 3779 1311 3816 a

105 3834 238 3894 facie
258 3845 616 3916 peccatorum
643 3856 914 3895 meorum.

182 3915 459 3982 Quoniam
526 3914 849 3991 iniquitates
915 3934 1058 3972 meae
1110 3934 1307 3993 super·

106 4012 309 4069 gressae
334 4002 471 4052 sunt
484 4002 652 4071 caput
678 4013 867 4052 meum
890 4013 903 4050 ·.
926 4001 986 4051 et
1006 3994 1148 4051 sicut
1167 4012 1307 4051 onus

107 4090 272 4148 grave
292 4080 547 4150 gravatae
572 4079 704 4129 sunt
730 4091 900 4149 super
919 4091 1029 4129 me.

185 4149 540 4209 Putruerunt
575 4157 635 4208 et
672 4157 953 4228 corruptae
992 4158 1125 4208 sunt
1164 4149 1304 4208 cica-

108 4226 269 4286 trices
295 4248 473 4287 meae:
516 4248 551 4285 a
573 4227 712 4286 facie
738 4228 1078 4306 insipientiae
1104 4248 1261 4286 meoe.

186 4305 361 4366 Miser
392 4306 571 4364 sactus
597 4319 742 4377 sum,
784 4314 843 4364 et
883 4320 1140 4364 curvatus
1179 4326 1303 4365 sum

110 4428 138 4457 ⁸
174 4420 254 4474 Ps.
279 4420 425 4475 xxxi.
454 4421 669 4492 (xxxii.)
748 4453 767 4470 .

725 231 947 279 FERlA
991 230 1286 289 QUAR'PA
1334 232 1413 280 IN
1463 235 1722 283 CAPITE
1767 236 2075 284 JmJUNu.

162 2703 377 2798 'Multa
394 2739 617 2819 flagella
633 2740 938 2819 peccatoris
957 2760 968 2797 ι
992 2752 1314 2832 sperantem
1337 2775 1340 2778 Δ

2538 222 2665 286 126

1452 410 1627 467 usque
1667 390 1727 447 in
1770 391 1981 451 finem:
2025 399 2148 451 tota
2172 392 2267 451 die
2298 392 2662 452 contristatus

1449 468 1829 546 ingrediebar.

1531 547 1819 615 Quoniam
1872 547 2048 605 lumbi
2098 547 2210 607 mei
2257 546 2476 627 impleti
2523 556 2658 609 sunt

1445 623 1796 685 illusionibus
1819 648 1833 685 ε
1863 635 1923 685 et
1939 647 2052 685 non
2074 636 2160 686 est
2178 626 2387 685 sanitas
2409 628 2468 683 in
2486 648 2656 688 carne

1444 723 1589 761 mea.

1525 780 1796 841 Afflictus
1860 803 1984 841 sum
2032 791 2091 842 et
2141 782 2468 841 humiliatus
2528 804 2653 843 sum

1443 859 1649 920 nimis:
1689 861 1979 939 rugiebam
2007 882 2042 919 a
2067 862 2283 941 gemitu
2309 863 2492 919 cordis
2521 862 2650 920 mei.

1521 938 1789 1012 Domine,
1830 949 1964 999 ante
2003 949 2062 999 te
2104 961 2271 1000 omne
2309 940 2651 999 desiderium

1441 1035 1633 1075 meum
1656 1038 1667 1074 :
1713 1027 1774 1077 et
1811 1020 2054 1098 gemitus
2094 1038 2251 1079 meus
2276 1039 2311 1077 a
2336 1030 2395 1077 te
2422 1039 2537 1078 non
2564 1030 2653 1079 est

1437 1096 1815 1156 absconditus.

1518 1174 1632 1233 Cor
1658 1194 1845 1232 meum
1874 1178 2270 1234 conturbatum
2300 1183 2405 1246 est,
2445 1175 2648 1235 dereli-

1438 1252 1564 1327 quit
1607 1273 1699 1312 me
1748 1254 1926 1312 virtus
1970 1275 2132 1313 mea:
2180 1268 2240 1313 et
2279 1253 2476 1314 lumen
2518 1274 2647 1313 ocu·

1438 1328 1623 1387 lorum
1691 1352 1966 1403 meorum,
2020 1343 2080 1392 et
2134 1333 2318 1412 ipsum
2384 1353 2500 1391 non
2559 1344 2648 1395 est

1436 1427 1677 1467 mecum.

1520 1488 1711 1546 Amici
1752 1486 1884 1558 mei,
1913 1496 1972 1546 et
2001 1488 2246 1566 proximi
2287 1489 2399 1547 mei
2440 1489 2643 1547 adver-

1436 1583 1561 1622 sum
1606 1586 1699 1625 me
1731 1567 2329 1645 appropinquaverunt
2370 1574 2430 1625 et
2469 1576 2644 1626 stete-

1437 1651 1593 1700 runt.

1515 1719 1594 1779 Et
1643 1719 1740 1797 qui
1791 1721 1958 1800 juxta
2008 1742 2101 1779 me
2130 1729 2311 1793 erant,
2358 1722 2433 1780 de
2476 1721 2644 1801 longe

1433 1807 1749 1858 steterunt:
1800 1809 1860 1859 et
1887 1802 2005 1858 vim
2045 1801 2325 1859 iaciebant
2364 1800 2462 1877 qui
2489 1820 2645 1878 quae·

1432 1879 1638 1937 rebant
1663 1877 1909 1936 animam
1938 1898 2141 1936 meam.

1514 1957 1596 2017 Et
1614 1956 1711 2034 qui
1739 1957 2101 2035 inquirebant
2120 1954 2270 2014 mala
2288 1954 2450 2026 mihi,
2470 1954 2641 2015 locuti

1432 2044 1567 2092 sunt
1633 2035 1912 2094 vanitates
1941 2057 1955 2094 ε
2027 2047 2086 2095 et
2151 2034 2309 2093 dolos
2360 2042 2483 2093 tota
2546 2035 2639 2095 die

1431 2114 1867 2172 meditabantur.

1511 2190 1634 2270 Ego
1700 2202 1890 2251 autem
1944 2200 2214 2269 tanquam
2268 2191 2470 2250 surdus
2523 2212 2639 2251 non

1428 2269 1727 2328 audiebam
1747 2291 1759 2329 ε
1788 2279 1849 2331 et
1874 2271 2019 2330 sicut
2038 2279 2227 2330 mutus
2247 2290 2361 2328 non
2380 2270 2639 2349 aperiens

1428 2367 1487 2404 os
1516 2368 1676 2405 suum
1701 2369 1713 2406 :

1507 2426 1586 2485 Et
1624 2426 1803 2486 factus
1842 2447 1963 2485 sum
2006 2426 2149 2485 sicut
2187 2425 2358 2484 homo
2393 2447 2504 2485 non
2536 2448 2636 2485 au·

1426 2504 1621 2564 diens:
1652 2514 1711 2564 et
1739 2502 1850 2564 n‘on
1868 2506 2081 2564 habens
2108 2505 2165 2562 in
2194 2525 2292 2563 ore
2318 2525 2418 2563 suo
2445 2507 2633 2564 redar-

1425 2583 1702 2660 gutiones.

1509 2661 1794 2729 Quoniam
1837 2662 1895 2718 in
1940 2670 2019 2731 te,
2068 2660 2332 2730 Domine,
2379 2661 2632 2738 speravi:

1426 2747 1489 2797 tu
1518 2740 1785 2798 exaudies
1811 2760 1921 2809 me,
1948 2739 2196 2797 Domine
2223 2738 2378 2796 Deus
2407 2759 2580 2798 meus.

1510 2818 1661 2884 Quia
1676 2817 1824 2889 dixi;
1845 2817 1904 2874 N
1910 2816 2166 2894 equando
2183 2817 2634 2893 supergaudeant

1428 2894 1570 2953 mihi
1606 2895 1817 2953 inimici
1845 2897 1994 2953 mei:
2025 2903 2084 2952 et
2110 2894 2245 2951 dum
2274 2913 2632 2952 commoven-

1424 2982 1522 3032 tur
1560 2975 1732 3051 pedes
1758 2974 1888 3044 mei,
1916 2991 2085 3050 super
2111 2992 2203 3031 me
2230 2990 2437 3049 magna
2461 2970 2632 3031 locuti

1422 3059 1574 3110 sunt.

1504 3130 1783 3198 Quoniam
1842 3149 1947 3206 ego
2015 3128 2075 3185 in
2128 3124 2351 3203 flagella
2401 3135 2633 3204 paratus

1424 3227 1549 3276 sum
1572 3232 1587 3268 ε
1617 3217 1675 3267 et
1700 3207 1862 3267 dolor
1897 3227 2054 3265 meus
2082 3205 2141 3262 in
2170 3213 2466 3283 conspectu
2506 3227 2633 3266 meo

1422 3307 1666 3365 semper.

1503 3365 1780 3432 Quoniam
1816 3363 2168 3441 iniquitatem
2198 3381 2381 3421 meam
2407 3382 2630 3422 annun-

1421 3442 1616 3502 ciabo:
1647 3452 1706 3502 et
1732 3443 1987 3521 cogitabo
2013 3461 2117 3519 pro
2144 3450 2369 3533 peccato
2394 3462 2539 3500 meo.

1500 3521 1728 3580 Inimici
1754 3529 1946 3580 autem
1972 3519 2086 3578 mei
2104 3528 2319 3592 vivunt,
2341 3529 2400 3578 et
2420 3521 2629 3578 confir-

1421 3601 1562 3658 mati
1615 3608 1748 3659 sunt
1786 3619 1955 3678 super
1993 3619 2116 3657 me:
2171 3607 2231 3657 et
2271 3598 2627 3677 multiplicati

1419 3686 1554 3736 sunt
1580 3679 1676 3755 qui
1704 3679 1945 3737 oderunt
1972 3698 2064 3735 me
2091 3676 2300 3753 inique.

1485 3756 1594 3824 Qui
1614 3757 1939 3815 retribuunt
1957 3755 2101 3813 mala
2119 3773 2221 3832 pro
2240 3753 2416 3825 boniS,
2435 3754 2625 3814 detra-

1418 3832 1631 3893 hebant
1660 3834 1833 3892 mihi:
1877 3833 2140 3910 quoniam
2167 3834 2436 3908 sequebar
2465 3833 2624 3890 boni-

1416 3921 1981 4067 mt3112⁰derelinquas
2021 4007 2130 4058 me,
2171 3986 2419 4046 Domine
2467 3988 2623 4047 Deus

1418 4089 1607 4127 meus:
1638 4089 1710 4127 ne
1736 4066 2053 4126 discesseris
2079 4086 2114 4123 a
2140 4086 2251 4124 me.

1499 4147 1745 4205 Intende
1773 4148 1829 4202 in
1865 4144 2208 4222 adjutorium
2237 4164 2459 4203 meum:
2505 4144 2620 4202 Do-

1415 4225 1573 4359 minel
1596 4225 1751 4283 Deus
1777 4222 1970 4281 salutis
1998 4242 2158 4280 meae.

1498 4303 1552 4361 G
1577 4303 1713 4361 oria.

1412 4417 1441 4455 b
1479 4417 1567 4471 Ps.
1593 4414 1794 4470 xxxvii.
1825 4414 2096 4486 (xxxviii.)
