2975 5009
85 223 205 289 261·

76 402 214 471 parte
238 395 474 454 ecclesioe
506 394 714 451 boreali
739 395 806 451 in
832 401 1074 451 extrema
1092 400 1259 469 parte

85 474 319 531 orientali
338 495 363 545 ;
406 480 459 530 et
486 474 700 548 le9atur
725 473 824 530 hoc
862 472 1254 547 Evangelium‚

81 551 199 610 Cum
225 552 725 630 appropinquasset
751 551 794 610 J
797 570 939 608 esne.
1016 549 1259 626 Require

85 631 163 686 hoc
195 630 571 706 Evanyelium
611 629 677 685 in
706 630 909 706 prima
949 627 1259 685 Dominica

86 708 350 766 Adventus
378 706 633 766 Domini
649 728 672 778 ;
709 715 759 765 et
801 708 1015 782 leqatur
1042 707 1110 763 ab
1137 706 1259 781 ipso

86 786 295 848 diacono
336 785 542 844 induto
582 786 661 842 ad
692 785 1096 862 processionem
1147 804 1261 840 non

78 865 220 938 juxta
282 884 519 936 crucem,
580 863 676 920 sed
744 872 869 920 ante
927 862 1262 921 sacerdotem

89 942 181 1000 loco
212 963 528 1019 parumper
567 962 717 1000 secus
756 942 1047 999 stationem
1100 940 1261 997 illius

88 1020 288 1078 diaconi
311 1028 545 1078 mutato.
626 1019 834 1077 Etiam
872 1020 992 1096 ipso
1023 1019 1262 1076 diacono

88 1097 151 1154 ad
171 1099 431 1156 borealem
471 1119 725 1155 converso
747 1120 764 1155 .·
802 1107 851 1155 et
879 1098 1095 1172 leyatur
1119 1097 1264 1153 sicut

88 1176 143 1233 in
181 1176 320 1252 festo
385 1177 643 1254 simplici
694 1196 885 1233 novem
949 1176 1260 1244 lectionum,

89 1254 428 1312 benedictione
444 1255 619 1331 prius
645 1262 865 1330 accepta
903 1274 1054 1310 more
1084 1253 1261 1310 solito,

150 1332 340 1391 Finito
358 1333 692 1409 Evanqelio,
721 1341 824 1390 tres
849 1332 1040 1389 clerici
1080 1330 1148 1388 de
1186 1351 1267 1387 se·

88 1411 252 1468 cunda
304 1410 520 1487 forma,
590 1412 786 1470 habitu
853 1431 967 1468 non
1031 1416 1263 1482 mutate,

87 1490 311 1547 conversi
326 1488 402 1546 ad
418 1490 700 1568 populum
727 1497 927 1547 stantes
955 1496 1081 1545 ante
1108 1507 1265 1564 maq-

87 1586 203 1623 nam
226 1588 438 1625 crucem
458 1589 523 1625 ex
539 1576 701 1645 parte
727 1566 1072 1637 occidentali,
1094 1565 1268 1622 simul

89 1653 285 1703 cantent
324 1644 393 1703 V.
475 1650 562 1702 En
587 1667 682 1704 rex
707 1650 868 1704 venit.
914 1644 1051 1701 Post
1075 1644 1267 1718 sinqu-

88 1722 152 1779 los
170 1744 290 1781 vero
307 1745 489 1781 versus
509 1721 571 1779 E
572 1730 792 1780 xecutor
815 1723 1008 1797 Officii
1022 1722 1270 1798 incipiat

90 1799 460 1878 Antiphonam
491 1807 662 1872 Salve,
704 1820 988 1856 conversus
1023 1799 1101 1857 ad
1135 1800 1269 1856 reli-

91 1879 275 1953 quias;
312 1900 482 1956 quam
505 1886 873 1956 prosequatur
910 1879 1106 1936 chorus
1143 1898 1270 1934 cum

92 1959 445 2032 yenufleoeione
505 1956 804 2015 osculando
870 1963 1094 2013 terram.
1176 1955 1270 2013 Ab

90 2033 197 2110 ipso
250 2044 429 2093 autem
485 2036 795 2093 Executore
851 2033 1040 2110 Officii
1075 2035 1271 2112 primo

88 2132 200 2169 cum
215 2114 371 2171 choro
379 2115 494 2189 fiat
512 2113 836 2190 qenuflexio.
914 2112 1127 2169 Clerici
1146 2119 1273 2169 ante

90 2191 345 2267 reliquias
376 2192 439 2251 V.
468 2196 555 2249 En
579 2212 690 2248 reX.
764 2188 963 2247 Senior
987 2189 1272 2267 Antipho-

88 2288 227 2341 nam,
251 2273 399 2332 Salve
423 2290 599 2344 quem.
693 2268 908 2326 Chorus
943 2268 1275 2344 resuryendo

80 2354 433 2423 prosequatur
447 2351 709 2407 Testatur.
779 2346 927 2405 Item
943 2347 1134 2404 clerici
1149 2354 1275 2403 ante

84 2424 359 2503 reliquias,
402 2426 516 2483 loco
553 2446 667 2481 non
705 2433 936 2497 mutatO,
979 2425 1176 2482 dicant
1210 2423 1272 2486 V.

84 2506 184 2561 Hic
205 2513 284 2563 est
305 2509 398 2579 qui
422 2508 489 2562 de
513 2507 700 2560 Edom.
768 2503 915 2561 Item
942 2503 1144 2562 Senior
1164 2503 1277 2559 loco

82 2599 190 2636 non
208 2589 431 2653 mutate,
453 2580 610 2636 dicat
665 2580 726 2639 V.
775 2586 930 2640 Salve
947 2585 1044 2638 lux
1068 2584 1274 2640 mundi.

86 2656 290 2714 Chorus
341 2656 670 2733 resuryendo
715 2666 1104 2736 prosequatur,
1162 2661 1278 2716 Rex

84 2760 276 2813 regum.
324 2737 469 2794 Item
489 2735 699 2794 Clerici
715 2744 842 2794 ante
857 2736 1146 2812 reliquias,
1166 2734 1278 2794 loco

81 2837 193 2873 non
241 2824 466 2886 mutato,
516 2814 711 2873 dicant
772 2814 836 2873 V.
906 2820 1012 2873 Hic
1053 2826 1133 2873 est
1167 2818 1275 2872 ille·

87 2893 228 2951 Item
242 2894 458 2964 Senior,
479 2893 591 2949 loco
606 2914 718 2951 non
735 2900 964 2962 mutato,
983 2891 1137 2948 dicat
1152 2889 1277 2948 An-

88 2972 384 3049 tiphonam‚
413 2978 582 3047 Salve,
611 2985 793 3032 nostra
815 2979 972 3033 salus.
1065 2967 1279 3027 Chorus

84 3051 408 3127 resuryendo
415 3059 806 3127 prosequatur,
825 3055 941 3107 Pax
956 3070 1094 3107 vera.
1165 3047 1278 3103 De-

86 3126 216 3185 inde
251 3136 339 3186 eat
364 3129 641 3205 processio
687 3128 765 3185 ad
812 3128 991 3184 locum
1031 3124 1281 3181 secun-doe

83 3206 334 3264 stationis
362 3228 385 3277 ,·
411 3215 461 3264 et
483 3206 762 3282 feretrum
786 3225 913 3263 cum
939 3202 1170 3279 capsula
1196 3223 1281 3258 re-

89 3282 394 3358 liquiarum
410 3285 638 3362 pariter
663 3304 788 3341 cum
817 3283 932 3339 luce
957 3282 1024 3338 in
1066 3281 1282 3337 laterna

89 3360 230 3418 inter
242 3363 641 3420 subdiaconum
661 3370 711 3419 et
728 3359 1171 3418 thuribularium
1191 3357 1285 3415 de-

73 3438 312 3512 feratur,
341 3461 465 3497 cum
492 3441 714 3497 vexillis
742 3460 806 3497 ex
829 3446 1065 3513 utraque
1083 3444 1250 3513 parte
1261 3458 1283 3506 ;

91 3525 304 3575 cantore
331 3519 634 3595 incipiente
662 3517 1055 3594 Antiphonam
1077 3521 1286 3590 Dignus

89 3618 160 3668 es,
172 3601 407 3658 Domine.
434 3596 775 3673 Antiphona
784 3600 1282 3655 Occurruntturbae.

90 3671 164 3731 Si
189 3683 366 3732 autem
390 3695 503 3732 non
529 3674 811 3750 sufficiunt
837 3674 920 3730 12.ae
947 3672 1076 3728 duae
1105 3671 1284 3728 Anti-

76 3751 280 3826 phonoe
344 3754 419 3810 ad
479 3752 661 3809 locum
713 3751 965 3809 secundos
1007 3749 1283 3819 stationis,

88 3835 223 3887 tunc
258 3838 546 3889 cantentur
592 3831 705 3887 lzoec
749 3830 860 3887 duo
913 3827 1287 3904 Responsoria

89 3907 181 3964 vel
219 3929 393 3967 unum
437 3928 647 3978 eorwm,
690 3908 764 3967 R.
813 3914 1076 3969 Dominus
1109 3914 1283 3968 «Iesus.

80 4102 111 4131 ⁸
150 4094 237 4149 Ps.
262 4098 367 4150 xxi.
395 4096 547 4168 (xxii.
579 4094 661 4165 19,
690 4096 802 4167 21.)

154 4301 628 4358 Circumdederunt
649 4320 732 4357 me
751 4304 851 4358 viri
871 4303 1151 4357 mendaces
1164 4304 1280 4357 sine

42 4377 45 4380 ’
74 4388 255 4440 eausa,
288 4375 513 4444 flagellis
547 4373 853 4428 oeciderunt
886 4391 984 4427 me.
1060 4374 1161 4429 Sed
1200 4380 1276 4444 tu,

78 4442 311 4500 Domine
334 4446 603 4511 Defensor,
631 4443 849 4499 vindica
875 4463 974 4498 me.

527 4516 650 4582 17*

704 234 1066 286 DOMINIOA
1100 237 1178 284 ΙΝ
1210 234 1440 285 ΒΑΜῙΒ
1474 233 1906 282 PALMARUM.

2460 211 2590 279 262

1381 392 1442 450 V.
1495 398 1892 452 Convenerunt.
1942 390 2017 446 R·
2049 398 2444 469 Cogitaverunt.
2513 385 2581 444 V·

1372 478 1780 531 Testimonium.
1863 467 1983 523 Hic
1996 469 2109 542 fiat
2137 471 2376 527 secunda
2396 468 2581 537 static,

1372 551 1628 608 videlicet
1682 570 1748 606 ex
1802 553 1971 623 parte
2033 548 2266 605 ecclesiae
2319 546 2579 615 australi,

1372 629 1471 685 ubi
1512 635 1714 704 septem
1745 626 1919 704 pueri
1962 624 2028 680 in
2076 626 2188 683 Ioco
2226 624 2583 683 eminentiori

1372 706 1546 763 simul
1566 713 1785 763 cantent
1830 704 1897 763 V.
1943 711 2127 765 Gloria
2150 710 2281 764 laus·
2368 703 2584 762 Chorus

1373 785 1524 842 idem
1569 792 1780 862 repetat
1822 795 1951 861 post
2010 802 2453 858 unumquemque
2515 780 2576 838 V.

1373 869 1542 924 Israel
1565 888 1621 924 es
1645 878 1721 923 tu.
1775 862 1837 922 V.
1868 870 2052 924 Coetus
2099 869 2155 921 in
2205 866 2437 921 excelsis.
2517 858 2579 917 V.

1375 949 1536 1005 Plebs
1560 949 1806 1003 Hebraea.
1829 941 2073 999 Peracta
2099 941 2204 998 hac
2223 938 2475 1008 statione,
2494 944 2583 993 eat

1364 1021 1643 1100 processio
1655 1040 1762 1097 per
1779 1020 2028 1077 medium
2047 1017 2283 1077 claustri
2303 1036 2339 1073 a
2360 1017 2583 1074 deoetera

1375 1120 1552 1157 manu
1570 1118 1740 1176 usque
1760 1097 1838 1153 ad
1858 1099 2061 1155 ostium
2086 1095 2319 1154 ecclesiae
2338 1094 2586 1152 occiden-

1379 1178 1505 1247 tale,
1529 1175 1808 1235 cantando
1840 1174 1913 1231 R.
1945 1184 2301 1253 collegerunt.
2343 1172 2585 1249 Hicfiat

1377 1256 1545 1314 tertia
1562 1256 1746 1325 static,
1768 1253 1975 1311 scilicet
1996 1264 2123 1312 ante
2139 1252 2474 1332 praedictum
2494 1272 2578 1307 os-

1377 1335 1542 1404 tium,
1563 1334 1662 1391 ubi
1682 1341 1788 1391 tres
1806 1330 1999 1390 clerici
2017 1334 2084 1390 de
2103 1330 2383 1409 superiori
2397 1329 2584 1403 yradu

1377 1412 1445 1471 in
1459 1413 1582 1488 ipso
1590 1412 1744 1482 osti0,
1763 1409 2080 1468 habitunon
2094 1418 2324 1478 mutatO,
2338 1406 2586 1464 conversi

1379 1490 1456 1547 ad
1502 1489 1779 1567 populum
1818 1496 2037 1545 cantent
2091 1488 2151 1545 V.
2193 1494 2350 1547 Unus
2385 1498 2582 1545 autem.

1379 1568 1675 1644 Repetit-ic,
1715 1574 1800 1627 Ne
1819 1574 1968 1628 forte.
1991 1566 2108 1622 His
2124 1565 2332 1640 finitis,
2374 1566 2586 1621 intrent·

1380 1646 1662 1704 ecclesiam
1693 1667 1801 1723 per
1839 1646 1988 1703 idem
2016 1645 2219 1701 ostium
2244 1645 2343 1699 sub
2352 1641 2582 1717 feretr0‚

1380 1732 1431 1782 et
1471 1723 1706 1801 capsula
1744 1725 2119 1800 reliquiarum
2172 1742 2237 1778 ex
2277 1729 2587 1777 transverso

1381 1802 1515 1859 ostii
1540 1802 1766 1873 elevata,
1812 1801 2090 1860 cantando
2127 1800 2200 1856 R.
2245 1805 2589 1876 Ingrediente

1383 1887 1628 1941 Domino.
1690 1881 1810 1938 Hic
1817 1882 1933 1957 fiat
1952 1887 2157 1955 quarta
2176 1879 2360 1947 static,
2382 1878 2590 1934 scilicet

1383 1968 1513 2017 ante
1552 1980 1765 2017 crucem
1805 1959 1872 2017 in
1909 1958 2211 2025 Ecclesia;
2265 1964 2316 2013 et
2353 1956 2419 2012 in
2458 1956 2587 2032 ipsa

1383 2039 1618 2095 statione
1647 2036 1927 2096 Eoeecutor
1945 2036 2116 2112 officii
2141 2034 2386 2111 incipiat
2413 2033 2589 2091 Anti-

1374 2117 1629 2193 phonam
1666 2123 1799 2186 Ave,
1841 2136 1998 2173 cruce
2032 2115 2164 2189 jam
2200 2114 2543 2189 discooperta
2565 2134 2589 2183 ,-

1386 2202 1436 2254 et
1473 2195 1799 2272 respondeat
1838 2194 2033 2252 chorus
2074 2199 2189 2253 Rex
2226 2206 2418 2254 noster.
2460 2212 2588 2248 cum

1384 2273 1761 2348 yenuflexione
1786 2271 2084 2331 osculando
2101 2280 2325 2329 terram.
2407 2272 2489 2328 Et
2508 2271 2588 2327 sic

1387 2350 1634 2427 incipiat
1666 2351 1865 2409 Senior
1890 2350 2289 2427 Antiphonam
2310 2357 2391 2407 ter
2412 2372 2436 2422 ,·
2471 2351 2588 2406 sin·

1386 2429 1536 2504 qulis
1553 2429 1764 2486 vicibus
1780 2449 1958 2487 vocem
1979 2428 2308 2498 eoealtand0,·
2328 2449 2446 2485 una
2465 2449 2590 2485 cum

1388 2507 1551 2564 choro
1577 2508 1692 2582 fiat
1722 2508 2071 2583 9enuflexi05
2117 2513 2167 2563 et
2198 2512 2326 2582 post
2365 2507 2589 2563 tertiam

1389 2585 1775 2662 inceptionem,
1818 2586 2012 2641 chorus
2058 2584 2288 2640 eandem
2328 2584 2590 2660 antipho-

1388 2683 1526 2720 nam
1554 2664 1620 2720 in
1644 2664 1773 2738 ipsa
1798 2662 2033 2718 statione
2059 2660 2257 2718 stando
2286 2682 2591 2737 prosequa-

1389 2748 1501 2798 tur.
1613 2740 1742 2811 Qua
1803 2740 2001 2815 finita,
2068 2739 2281 2795 intrent
2346 2740 2589 2796 chorum.

1395 2817 1594 2876 Omnes
1636 2838 1817 2874 cruces
1847 2836 1958 2893 per
1996 2816 2277 2873 ecclesiam
2316 2816 2429 2872 sint
2476 2818 2591 2874 clis-

1389 2903 1649 2973 coopertos
1678 2916 1847 2971 usque
1868 2900 1998 2971 post
2039 2914 2304 2969 vesperas.
2384 2894 2466 2953 In
2505 2896 2593 2952 in-

1390 2975 1563 3032 troitu
1590 2974 1761 3045 chori,
1789 2974 1860 3030 R.
1892 2980 2368 3035 Circumdederunt
2391 2998 2491 3036 me.
2531 2974 2593 3031 V.

1391 3063 1659 3134 Eripeme.
1681 3054 1756 3115 R.
1777 3062 1847 3115 Et
1864 3060 2355 3129 abinsurgentibus.
2380 3052 2594 3111 Oratio,

1391 3136 1765 3212 Omnipotens
1807 3135 2149 3212 sempiterne
2198 3134 2367 3189 Deus·
2452 3129 2594 3187 Per·

1393 3214 1533 3272 actis
1560 3234 1692 3289 quoe·
1708 3214 1786 3271 ad
1802 3213 2202 3291 processionem
2221 3209 2522 3287 pertinent,

1473 3292 1581 3349 Ad
1606 3291 1869 3349 Missam.
1955 3289 2262 3365 Offic=ium.²

1473 3370 1739 3441 Domine,
1782 3391 1853 3429 ne
1900 3368 2067 3443 longe
2113 3366 2278 3424 facias
2322 3365 2590 3422 auxilium

1393 3457 1558 3506 tuum
1605 3468 1640 3505 a
1681 3469 1807 3506 me:
1857 3448 1927 3504 ad
1974 3446 2355 3504 defensionem
2412 3465 2593 3502 meam

1395 3528 1617 3604 aspice3
1672 3526 1851 3585 libera
1898 3546 1989 3583 me
2032 3526 2103 3583 de
2144 3543 2243 3581 ore
2282 3523 2493 3580 leonis:
2541 3540 2600 3580 et.

1396 3625 1432 3662 a
1483 3606 1744 3663 cornibus
1796 3604 2148 3662 unicornium
2217 3601 2598 3661 humilitatem

1399 3703 1602 3741 meam.

1477 3760 1795 3818 Psalmus.b

1471 3837 1628 3905 Beue,
1696 3838 1839 3890 Deus
1893 3853 2074 3932 meusp
2125 3834 2322 3906 respice
2372 3834 2429 3886 in
2480 3852 2604 3888 me:

1400 3925 1565 3977 quare
1589 3926 1675 3962 me
1699 3908 2058 3977 dereliquisti.

1403 4091 1429 4125 b
1467 4090 1536 4144 ib.
1566 4089 1636 4162 (v.
1668 4089 1741 4161 1.)

1489 4298 1694 4350 Ver-sus.
1773 4294 1930 4364 Eripe
1968 4311 2054 4346 me
2091 4294 2156 4346 de
2191 4291 2427 4345 inimicis
2464 4292 2608 4360 meiS,

1409 4372 1553 4423 Deus
1580 4384 1743 4434 meus,
1784 4365 1853 4418 Et
1887 4366 1957 4419 ab
1994 4362 2397 4434 insurgentibus
2421 4362 2480 4414 in
2524 4380 2611 4416 me

1408 4442 1578 4497 libera.
1601 4454 1701 4490 me.
