2975 5009
308 173 433 241 567

310 344 549 426 expedit
589 344 798 404 animae
839 363 1025 405 meae:
1079 345 1164 403 ita
1197 353 1263 404 ut
1303 343 1522 423 placide

311 446 377 485 ac
403 424 650 503 benigne
677 424 945 503 suscipias
984 425 1057 483 de
1086 425 1347 483 manibus
1374 423 1523 482 meis

316 505 390 563 ad
416 503 659 563 salutem
688 502 804 562 mei
830 509 891 563 et
929 501 1189 561 omnium
1216 511 1337 561 tam
1368 501 1528 561 vivo-

321 660 349 691 ⁸
384 669 453 708 ex
480 651 564 705 12.

322 794 359 827 ’Ψ
418 793 603 848 Oratio
651 791 823 845 sancti
878 791 1178 861 Ancyra-atini
1223 790 1447 844 dicenda
1495 805 1533 843 a

324 865 583 919 sacerdote
605 863 667 915 in
689 863 854 915 missa
887 862 1019 915 dum
1042 863 1258 914 canitur
1288 861 1535 931 Officium

323 940 372 990 et
399 934 570 1005 Kyrie
593 939 640 987 et
675 932 861 987 Gloria
883 932 944 984 in
970 932 1192 985 excelsis
1210 937 1257 985 et
1281 931 1451 985 Credo
1475 931 1537 982 in

331 1022 504 1058 unum
533 1025 545 1057 ε
601 1004 677 1058 vel
723 1008 831 1058 tota
878 1004 1079 1057 dicitur
1125 1008 1249 1056 ante
1296 1002 1536 1069 Missam,

334 1076 475 1147 quod
498 1076 683 1128 melius
706 1079 793 1128 est.

403 1145 473 1217 (E
498 1144 708 1199 Missali
729 1143 828 1198 MS
846 1143 976 1198 dato
995 1143 1250 1208 Ecclesiae
1268 1143 1335 1197 de
1353 1142 1543 1195 Brom-

333 1217 598 1287 misgrove
619 1218 687 1268 A.
708 1216 769 1268 D.
788 1213 1057 1269 Mcccccxi
1072 1233 1107 1269 a
1120 1214 1342 1268 domino
1362 1211 1546 1267 Priore

338 1305 441 1343 ecc.
469 1287 613 1341 cath.
641 1285 960 1356 Wigorniae.

410 1357 481 1411 Et
540 1363 605 1411 ut
663 1356 878 1428 plenius
937 1356 1170 1410 habetur
1230 1355 1289 1407 in
1345 1353 1550 1407 Ordine

341 1428 526 1483 Missae
543 1447 578 1483 a
600 1427 656 1481 J.
679 1427 954 1481 Burckard
977 1427 1038 1479 in
1057 1426 1269 1480 Missali
1287 1425 1550 1479 Romano,

344 1499 537 1553 Venet.
583 1497 897 1569 MDXXV.)

416 1569 636 1624 Summe
671 1568 914 1623 sacerdos
936 1573 991 1621 et
1014 1585 1138 1623 vere
1174 1565 1434 1639 pontifex,
1461 1564 1558 1634 qui

345 1646 401 1695 te
443 1639 693 1695 obtulisti
736 1639 847 1692 Deo
891 1639 1045 1692 Patri
1087 1638 1319 1692 hostiam
1363 1638 1557 1703 vivam,

347 1729 555 1783 puram,
598 1717 654 1763 et
701 1709 1107 1764 immaculatam
1156 1710 1218 1762 in
1259 1725 1354 1762 ara
1390 1706 1564 1761 crucis

346 1799 444 1855 pro
481 1781 637 1835 nobis
660 1781 869 1834 miseris
897 1781 1278 1851 peccatoribus.
1350 1778 1564 1847 Quique

347 1852 546 1907 dedisti
565 1850 718 1905 nobis
732 1868 949 1906 carnem
970 1860 1123 1905 tuam
1138 1851 1208 1905 ad
1228 1848 1560 1904 manducan·

349 1924 482 1977 dum
505 1927 564 1977 et
591 1922 912 1993 sanguinem
938 1927 1095 1975 tuum
1123 1922 1191 1976 ad
1228 1920 1528 1975 bibendum
1550 1937 1562 1984 ;

350 2000 408 2050 et
449 1993 679 2065 posuisti
722 1991 1041 2075 mysterium
1082 1992 1223 2045 illud
1264 1992 1327 2044 in
1364 1990 1569 2043 virtute

352 2064 588 2137 Spiritus
615 2063 817 2131 Sanctl,
855 2063 1052 2131 dicens,
1081 2062 1199 2116 Hoc
1227 2061 1566 2131 quotiescun-

354 2152 461 2205 que
496 2132 730 2188 feceritis
758 2133 817 2185 in
846 2132 950 2186 mei
988 2132 1303 2187 memoriam
1327 2131 1566 2197 facietis;

355 2222 482 2276 rogo
508 2210 561 2258 te
594 2221 690 2274 per
712 2204 1035 2273 sanguinem
1058 2208 1218 2255 tuum
1255 2202 1565 2273 pretiosum,

356 2291 618 2345 magnum
643 2273 836 2326 salutis
861 2278 1061 2326 nostrae
1084 2271 1335 2342 pretium,
1362 2290 1492 2343 rogo
1517 2278 1570 2326 te

359 2344 526 2399 etiam
561 2360 657 2414 per
679 2344 822 2396 hanc
846 2343 1038 2396 miram
1063 2349 1119 2396 et
1150 2343 1567 2396 inenarrabilem

356 2415 639 2470 caritatem
679 2430 790 2482 qua
828 2430 923 2467 nos
965 2413 1185 2467 miseros
1221 2419 1277 2467 et
1316 2414 1574 2484 indignos

358 2487 436 2541 sic
471 2501 654 2538 amare
677 2484 936 2555 dignatus
972 2501 1043 2553 es,
1070 2490 1134 2537 ut
1170 2484 1377 2538 lavares
1411 2501 1512 2537 nos
1538 2501 1573 2537 a

357 2555 592 2639 peccatis
615 2555 816 2608 nostris
841 2555 1107 2625 sanguine
1131 2560 1241 2609 tuo,
1305 2556 1447 2609 Doce
1484 2570 1573 2607 me

357 2626 651 2696 indignum
711 2641 923 2680 servum
984 2631 1160 2695 tuum,
1210 2642 1371 2696 quem
1428 2626 1577 2679 inter

358 2705 557 2752 caetera
573 2697 718 2751 dona
740 2703 839 2751 tua
862 2696 1029 2751 etiam
1053 2697 1123 2751 ad
1147 2696 1378 2751 officium
1404 2713 1573 2751 sacer-

361 2768 543 2823 dotale
588 2784 777 2823 vocare
818 2767 1078 2838 dignatus
1119 2783 1188 2836 ee,
1235 2767 1403 2822 nullis
1443 2766 1579 2821 meis

362 2840 575 2894 meritis
592 2839 684 2893 sed
709 2838 824 2893 sola
847 2837 1227 2893 misericordiae
1250 2845 1363 2894 tuae
1387 2838 1576 2908 digna·

364 2910 514 2965 tione
537 2929 548 2977 ;
598 2910 727 2964 doce
775 2926 877 2977 me,
922 2926 1119 2979 quaeso,
1169 2926 1265 2980 per
1311 2908 1577 2981 Spiritum

365 2980 626 3036 Sanctum
652 2986 811 3033 tuum
836 2986 1056 3033 tantum
1081 2986 1312 3035 tractare
1331 2979 1580 3050 mysteri·

368 3069 464 3103 um
490 3069 553 3105 ea
577 3050 875 3105 reverentia
894 3057 950 3105 et
972 3050 1193 3120 honore,
1213 3068 1277 3105 ea
1299 3051 1583 3105 devotione

368 3127 423 3175 et
459 3122 667 3186 timore,
695 3121 893 3191 quibus
917 3128 1125 3193 oportet
1148 3127 1204 3176 et
1235 3122 1403 3175 decet.
1478 3121 1586 3175 Fac

369 3209 472 3260 me,
517 3209 715 3262 quaeSO,
761 3210 857 3264 per
903 3192 1134 3263 gratiam
1185 3198 1338 3246 tuam
1376 3208 1587 3262 semper

369 3262 508 3315 illud
546 3263 614 3316 de
646 3269 800 3316 tanto
832 3281 884 3315 m
927 3265 1088 3318 sterio
1111 3264 1324 3318 credere
1346 3269 1402 3317 et
1424 3263 1586 3316 intel-

365 3333 552 3403 ligere,
602 3333 818 3403 sentire,
913 3334 1104 3389 rmiter
1149 3340 1347 3401 tenere,
1410 3334 1586 3388 dicere

375 3411 430 3458 et
466 3403 714 3475 cogitare,
753 3405 898 3473 quod
934 3405 1037 3459 tibi
1075 3404 1252 3485 placet
1284 3409 1340 3457 et
1371 3404 1590 3476 expedit

372 3476 576 3529 animae
601 3491 751 3530 meae.
801 3474 985 3527 Intret
1006 3473 1243 3544 Spu-itus
1265 3479 1393 3527 tuus
1416 3476 1592 3528 bonus

374 3545 436 3599 in
460 3562 551 3599 cor
585 3562 784 3612 meum,
812 3544 908 3613 qui
931 3550 1086 3597 sonet
1120 3542 1197 3597 ibi
1221 3543 1339 3597 sine
1362 3560 1507 3613 sono,
1535 3550 1592 3599 et

373 3616 492 3671 sine
506 3616 737 3686 strepitu
751 3616 1031 3668 verborum
1047 3613 1302 3681 loquatur
1309 3615 1590 3670 veritatem

374 3692 654 3741 tantorum
694 3684 1108 3766 mysteriorum3
1158 3684 1427 3753 profunda
1460 3693 1595 3740 sunt

378 3757 578 3827 quippe
626 3754 793 3807 nimis
834 3760 889 3808 et
937 3769 1086 3807 sacro
1126 3758 1270 3809 tecta
1310 3756 1592 3811 velamine.

381 3828 609 3897 Propter
644 3842 898 3893 magnam
924 3824 1265 3879 clementiam
1292 3831 1445 3880 tuam
1469 3843 1594 3881 con-

379 3898 508 3954 cede
527 3896 666 3949 mihi
685 3895 979 3947 Missarum
999 3894 1262 3950 solemnia
1324 3914 1421 3950 uro
1439 3898 1596 3951 corde

381 3975 438 4024 et
474 3967 683 4020 munda
716 3971 898 4019 mente
922 3966 1203 4020 celebrare.
1326 3968 1474 4022 ibera
1509 3986 1599 4023 cor

381 4056 567 4092 meum
602 4038 674 4091 ab
709 4035 1011 4090 immundis
1047 4043 1103 4091 et
1138 4038 1403 4107 nefandis,
1442 4039 1600 4093 vanis

380 4115 437 4165 et
498 4107 677 4161 noxiis
735 4105 1169 4178 cogitationibus.
1278 4108 1441 4162 Muni
1490 4127 1594 4179 me,

379 4196 578 4250 quaese,
605 4179 887 4233 beatorum
923 4180 1240 4251 angelorum
1278 4179 1370 4251 pia
1397 4185 1453 4234 et
1486 4180 1599 4235 fida

378 4249 555 4303 tutela
571 4255 737 4320 atque
751 4249 1044 4306 fortissima
1058 4252 1315 4320 custodia,
1334 4257 1397 4304 ut
1418 4252 1598 4305 hostes

381 4389 409 4444 ξ
442 4387 729 4447 durissimum
757 4391 964 4441 spiritum
997 4392 1219 4443 superbia
1256 4393 1302 4431 et
1329 4391 1598 4439 cenericum.

379 4437 560 4479 mvidiae
586 4442 630 4479 et
653 4440 958 4493 blasphemiae,
991 4440 1303 4484 fornicationi·
1328 4443 1373 4480 et
1404 4441 1597 4482 immun-

960 186 1226 237 oRAno
1260 187 1322 236 B.
1357 185 1426 235 A.
1461 170 1748 256 (sAnom
1784 172 2154 257 Ansam.)

2709 168 2829 233 568

1637 365 1767 404 rum
1813 364 1985 422 quam
2027 344 2449 404 defunctorum.

1639 433 1700 483 et
1728 430 1980 504 regnas?
2000 422 2038 457 ⁴¹·

2553 343 2664 410 Qui
2706 341 2836 399 vivis

1648 789 1894 846 omnium
1931 790 2194 844 bonorum
2219 786 2431 843 confusi
2467 786 2742 842 discedant
2762 801 2846 857 per
2950 809 2951 816 1

1650 863 1909 917 virtutem
1948 861 2092 914 tanti
2127 859 2388 931 mysterii,
2416 864 2474 913 et
2508 876 2605 930 per
2639 874 2844 911 manum

1651 932 1827 987 sancti
1850 931 2032 1002 angeli
2052 931 2136 985 tui
2160 930 2357 1002 repelle
2375 948 2410 983 a
2428 947 2518 983 me
2536 935 2592 983 et
2609 947 2642 982 a
2658 927 2846 983 cunctis

1653 1003 1821 1059 servis
1844 1002 1956 1056 tuis
1977 1002 2014 1035 ὓ
2031 1001 2435 1073 spurcissimum
2464 1006 2521 1053 et
2553 997 2843 1053 nefandissi-

1657 1092 1809 1128 mum
1834 1073 2084 1144 spiritum
2111 1073 2294 1126 inanis
2324 1070 2531 1142 gloriae,
2557 1069 2842 1136 iracundiae,

1659 1144 2045 1212 fornicationis,
2108 1143 2373 1214 superbiae
2433 1147 2489 1195 et
2549 1140 2843 1207 cenodoxiae,

1661 1215 1901 1284 invidiae,
1951 1214 2211 1283 avaritiae,
2261 1213 2615 1284 blasphemiae
2660 1217 2713 1265 et
2760 1211 2844 1262 im-

1662 1285 1967 1354 munditiae,
2005 1283 2301 1339 dubietatis
2341 1292 2397 1337 et
2437 1282 2757 1349 diffidentiae,
2794 1287 2846 1332 ut

1665 1364 1885 1412 tantum
1920 1356 2240 1410 sacrificium
2279 1372 2404 1409 cum
2448 1354 2601 1407 omni
2642 1351 2847 1424 puritate

1668 1428 1877 1484 valeam
1901 1427 2003 1482 tibi
2028 1426 2266 1481 offerre*
2337 1423 2749 1478 Confnndantur
2769 1419 2847 1491 qui

1669 1517 1755 1552 me
1770 1503 2176 1569 persequuntur.
2211 1496 2444 1550 Pereant
2457 1495 2543 1548 illi
2551 1494 2646 1564 qui
2660 1493 2847 1565 perdere

1670 1574 1867 1625 cuncta
1901 1569 2046 1622 bona
2068 1567 2344 1622 festinant.
2437 1565 2559 1620 Rex
2587 1564 2842 1635 virginum,

1675 1641 1820 1694 Deus
1865 1647 2077 1693 amator
2122 1637 2387 1693 castitatis
2429 1642 2485 1690 et
2533 1633 2847 1706 integritatis,

1676 1710 1908 1766 coelestis
1932 1727 2049 1763 rore
2072 1707 2461 1763 benedictionis
2488 1713 2603 1761 tuae
2626 1705 2848 1774 extingue

1674 1781 1735 1834 in
1761 1798 1975 1852 corpore
2008 1797 2127 1833 meo
2150 1785 2328 1833 totum
2363 1778 2611 1831 fomitem
2645 1774 2851 1830 ardentis

1676 1852 1935 1920 libidinis,
1962 1857 2026 1903 ut
2061 1856 2279 1904 maneat
2313 1850 2373 1901 in
2410 1866 2500 1902 me
2527 1855 2681 1902 tenor
2711 1845 2852 1899 totius

1677 1922 1942 1978 castitatis
1980 1927 2034 1975 et
2073 1919 2404 1989 integritatis
2440 1919 2643 1973 animae
2678 1922 2727 1971 et
2756 1931 2851 1969 cor·

1679 1994 1837 2065 poris.
1912 1991 2182 2045 Mortifica
2203 1992 2263 2044 in
2282 1989 2544 2044 membris
2562 1988 2692 2042 meis
2705 1985 2856 2041 carnis

1678 2062 1939 2126 stimulos,
1960 2080 2250 2132 omnesque
2272 2061 2590 2116 libidinosas
2612 2057 2853 2114 commoti·

1681 2151 1823 2202 ones,
1865 2140 1921 2187 et
1966 2134 2037 2187 da
2077 2133 2216 2185 mihi
2252 2149 2433 2186 veram
2478 2137 2535 2185 et
2573 2134 2854 2201 perpetuam

1681 2204 1948 2260 castitatis
2005 2202 2435 2271 sanctimoniam,
2497 2218 2625 2255 cum
2682 2196 2860 2254 caeteris

1681 2277 1839 2330 donis
1873 2274 1983 2328 tuis
2017 2291 2141 2343 quae
2177 2272 2277 2328 tibi
2306 2273 2522 2344 placent
2553 2272 2615 2324 in
2646 2272 2857 2336 veritate,

1683 2352 1749 2400 nt
1785 2346 2104 2401 sacrificium
2137 2344 2313 2398 laudis
2351 2350 2463 2397 tuae
2498 2348 2645 2397 casto
2676 2355 2862 2412 corpore

1683 2422 1739 2472 et
1788 2417 1993 2469 mundo
2039 2416 2194 2469 corde
2246 2414 2486 2484 quotidie
2534 2413 2738 2467 valeam
2780 2408 2865 2464 tibi

1686 2488 1886 2543 offerre.
1961 2486 2179 2551 Quanta
2202 2486 2349 2539 enim
2373 2484 2548 2539 cordis
2570 2482 2865 2538 contritione

1689 2567 1745 2612 et
1766 2558 2123 2629 lacrymarum
2150 2555 2311 2625 fonte,
2339 2561 2548 2624 quanta
2579 2552 2866 2617 reverentia,

1689 2629 1896 2696 timore,
1919 2634 1974 2681 et
1998 2634 2240 2696 tremore,
2261 2632 2469 2696 quanta
2493 2643 2554 2679 co
2651 2625 2723 2677 ris
2738 2621 2869 2677 casti·

1688 2704 1803 2753 tate
1845 2704 1901 2753 et
1938 2698 2136 2752 animae
2218 2698 2429 2765 uritate,
2471 2696 2576 2749 illu
2651 2695 2868 2749 divinum

1692 2776 1748 2824 et
1783 2770 1996 2825 coeleste
2028 2768 2159 2822 sacri
2202 2769 2344 2822 cium
2384 2772 2465 2820 est
2503 2766 2868 2829 celebrandum,

1695 2841 1927 2894 Domine
1951 2840 2095 2893 Deus
2117 2856 2284 2906 meus,
2307 2838 2401 2891 ubi
2420 2854 2544 2891 caro
2569 2843 2669 2892 tua
2693 2836 2749 2889 in
2766 2833 2872 2889 veri·

1694 2916 1810 2966 tate
1832 2911 2083 2978 sumitur,
2109 2916 2165 2964 et
2195 2909 2416 2979 sangnis
2437 2914 2570 2962 tuus
2594 2909 2657 2961 in
2679 2906 2874 2962 veritate

1695 2981 1916 3049 bibitur,
1945 2980 2036 3035 ubi
2063 2981 2174 3034 ima
2197 2980 2424 3033 summis
2449 2979 2779 3050 junguntur,
2800 2973 2874 3028 ubi

1695 3053 1848 3107 adest
1888 3058 2195 3106 sanctorum
2234 3050 2549 3121 angelorum
2603 3046 2873 3121 praesentia,

1700 3122 1793 3177 ubi
1831 3128 1893 3175 tu
1926 3140 1982 3177 es
2017 3122 2258 3176 sacerdos
2281 3121 2607 3175 mirabiliter
2638 3126 2694 3174 et
2722 3116 2875 3172 ineffa-

1696 3193 1893 3248 biliter.

1770 3264 1904 3328 Quis
1939 3262 2102 3333 digne
2137 3262 2238 3316 hoc
2272 3261 2543 3315 celebrare
2577 3266 2764 3332 potest,
2794 3254 2878 3310 nisi

1700 3340 1779 3403 tu,
1812 3334 2152 3404 omnipotens
2187 3333 2343 3398 Deua,
2384 3332 2695 3386 offerentem
2728 3326 2878 3384 feceris

1703 3405 1830 3487 dign
1839 3422 1928 3457 um
1947 3406 1973 3457 ⁴?
2043 3403 2174 3470 Scio,
2203 3402 2447 3468 Domine,
2476 3409 2532 3456 et
2556 3420 2679 3456 vere
2701 3402 2809 3467 scic,
2830 3413 2878 3450 ac

1703 3475 1938 3546 idlpsum
1959 3474 2189 3528 bonitati
2210 3480 2324 3528 tuae
2341 3474 2615 3540 confiteor,
2637 3472 2769 3542 quod
2790 3482 2878 3521 non

1705 3563 1825 3600 sum
1867 3546 2068 3616 dignus
2108 3545 2353 3599 accedere
2392 3544 2464 3597 ad
2508 3550 2724 3597 tantum
2763 3555 2877 3611 mys-

1708 3617 1906 3671 terium
1949 3621 2166 3686 propter
2207 3615 2382 3668 nimia
2421 3621 2643 3685 peccata
2682 3630 2803 3679 mea,
2839 3613 2882 3660 et

1707 3686 1953 3741 infinitas
2000 3684 2358 3756 negligentias
2404 3702 2567 3739 meas.
2659 3684 2755 3739 Sed
2798 3678 2882 3733 scio

1709 3757 1979 3822 veraciter,
2007 3763 2063 3810 et
2097 3756 2251 3810 credo
2276 3773 2343 3809 ex
2381 3761 2494 3809 toto
2522 3756 2678 3809 corde
2700 3770 2822 3820 meo,
2842 3755 2884 3802 et

1710 3845 1800 3882 ore
1834 3827 2101 3892 confiteor,
2129 3827 2259 3896 quia
2294 3832 2355 3879 tu
2380 3843 2467 3880 me
2503 3833 2656 3897 potes
2688 3825 2883 3894 dignum

1709 3899 1897 3966 facere,
1924 3898 2017 3967 qui
2043 3898 2186 3951 solus
2221 3897 2424 3967 †potes
2455 3896 2628 3951 facere
2651 3893 2886 3948 mundum

1711 3970 1778 4023 de
1815 3968 2097 4021 immundo
2130 3973 2444 4038 conceptum
2471 3966 2728 4036 semine,†
2756 3970 2812 4019 et
2838 3961 2889 4014 de

1711 4039 2075 4112 peccatoribus
2091 4038 2269 4108 justos
2291 4037 2422 4091 facis
2445 4044 2502 4091 et
2525 4045 2744 4092 sanctos.

1786 4110 1891 4163 Per
1907 4110 2047 4163 hanc
2061 4108 2513 4180 omnipotentiam
2530 4114 2682 4162 tuam
2701 4114 2755 4160 te
2772 4118 2889 4173 rogo,

1712 4181 1939 4235 concede
1963 4179 2100 4233 mihi
2123 4180 2384 4251 peccatori
2412 4179 2513 4232 hoc
2531 4179 2739 4233 coeleste
2761 4173 2891 4230 sacri·

1711 4251 1897 4306 ficium
1922 4251 2203 4320 celebrare,
2229 4268 2353 4305 cum
2384 4248 2576 4305 timore
2600 4255 2656 4305 et
2679 4255 2891 4310 tremore,

1713 4391 1852 4439 ditiae,
1881 4392 2123 4432 dubietatis
2139 4394 2183 4431 et
2201 4390 2620 4440 pertinacia—MS.

1715 4441 1737 4488 f
1767 4441 1822 4481 de
1840 4441 2036 4492 indignis
2053 4441 2223 4491 dignos,
2240 4440 2294 4482 de
2312 4440 2559 4482 immundis
2578 4434 2894 4483 mundun—ns·
