2975 5009
357 227 493 294 259

361 404 666 476 sequantur
680 395 765 457 12ae
785 396 1155 475 Antiphonae,
1176 396 1383 456 scilicet
1398 395 1575 455 Anti-

353 477 568 558 phona,
590 481 727 536 Oum
751 480 1002 551 audisset,
1033 474 1395 553 Antiphonti,
1422 481 1575 536 Ante

363 623 553 679 sedens
593 638 752 695 super
785 620 998 693 pullum
1035 622 1203 678 asinae
1238 622 1378 678 sicut
1411 623 1513 678 scri
1554 653 1575 664 ·

366 700 487 749 tum
536 699 633 761 est,
681 691 826 746 salve
867 691 986 747 Rex
1030 693 1318 749 fabricator
1363 712 1498 749 mun
1539 693 1572 761 i,

366 765 462 836 qui
487 764 681 818 venisti
706 762 964 817 redimere
988 780 1099 818 nos.

439 849 592 901 Ante
638 863 733 901 sex
778 845 893 899 dies
938 846 1295 902 solemnitatis
1335 847 1572 915 Paschoe,

409 919 588 972 uando
642 915 795 971 venit
853 916 1120 971 Dominus
1177 917 1239 970 in
1299 919 1575 972 civitatem

433 987 726 1055 ‘erusalem,
760 994 1102 1042 occurrerunt
1136 986 1187 1042 ei
1260 990 1388 1058 ueri,
1427 994 1485 1043 et
1517 988 1576 1040 in

370 1059 622 1113 manibus
644 1063 920 1129 portantes
954 1074 1129 1111 ramos
1257 1076 1482 1127 marum,
1523 1065 1579 1113 et

369 1129 679 1185 clamabant
693 1143 818 1182 voce
832 1145 1032 1199 magna
1045 1129 1297 1199 dicentes,
1317 1129 1579 1185 Hosanna

371 1199 433 1254 in
457 1197 689 1255 excelsis.

444 1283 594 1336 Ante
631 1298 722 1335 sex
757 1280 871 1335 dies
1028 1280 1179 1351 ionis,
1210 1283 1362 1337 venit
1396 1282 1579 1336 Domi-

371 1367 480 1407 nus
511 1354 567 1405 in
601 1352 872 1405 civitatem
970 1352 1265 1421 ierusalem,
1304 1360 1361 1408 et
1401 1371 1579 1407 occur·

371 1430 561 1478 rerunt
584 1421 634 1476 ei
697 1422 825 1490 ueri,
852 1428 909 1476 et
932 1426 994 1475 in
1018 1424 1269 1477 manibus
1291 1425 1582 1495 portabant

374 1511 550 1548 ramos
600 1511 671 1565 pa
693 1510 918 1562 marum,
978 1499 1033 1547 et
1090 1493 1398 1548 clamabant
1457 1512 1582 1549 voce

373 1581 574 1635 magna
621 1563 890 1630 dicentes;
937 1562 1199 1619 Hosanna
1246 1565 1304 1622 in
1344 1564 1578 1620 excelsis.

373 1631 697 1690 Benedictus
729 1634 825 1703 qui
858 1635 1055 1689 venisti
1091 1636 1445 1690 multitudine
1481 1636 1581 1688 mi·

373 1706 671 1761 sericordiae
696 1710 823 1759 tuae.
897 1704 1159 1760 Hosanna
1182 1705 1242 1759 in
1267 1706 1501 1762 excelsis.

447 1793 532 1846 En
572 1792 688 1847 Rex
724 1789 874 1846 venit
916 1800 1229 1849 mansuetus
1274 1793 1391 1864 tibi,
1436 1794 1581 1863 Sion,

374 1864 489 1918 filia
522 1863 764 1935 mystica,
803 1862 1027 1916 humilis
1050 1864 1238 1919 sedens
1271 1882 1431 1937 super
1465 1866 1582 1919 ani-

375 1935 556 2003 malia,
608 1950 769 2003 quem
815 1939 1106 1987 venturum
1155 1936 1273 2006 jam
1332 1936 1587 2008 praedixit

377 2005 536 2059 lectio
559 2003 885 2077 prophetica.

379 2089 548 2157 Salve,
575 2104 734 2157 quem
759 2086 949 2139 «Iesum

449 2164 680 2212 testatur
704 2156 854 2228 plebs
877 2155 1244 2228 Hebraeorum,

379 2229 554 2284 Obvia
575 2244 699 2282 cum
723 2226 918 2298 palmis

450 2300 553 2354 tibi
575 2299 815 2352 clamans
838 2297 1000 2351 verba
1026 2296 1230 2353 salutis.

381 2386 490 2441 Hic
512 2390 593 2439 est
615 2384 708 2455 qui
735 2384 801 2437 de
824 2382 994 2437 Edom
1019 2381 1171 2436 venit

453 2457 659 2511 tinctus
681 2454 847 2508 Bosra
871 2453 1119 2509 vestibus.

382 2525 451 2580 In
478 2527 616 2580 stola
638 2543 738 2579 sua
758 2524 1032 2593 formosus,

452 2597 701 2667 gradiens
724 2594 1028 2650 virtutibus.

384 2666 439 2722 N
441 2686 511 2722 on
535 2668 595 2721 in
621 2666 772 2736 equis
794 2665 1055 2720 bellicosis

454 2756 555 2793 nec
577 2739 636 2791 in
660 2737 787 2791 altis
810 2737 1060 2792 turribus.

385 2821 556 2889 Salve,
582 2822 678 2874 lux
703 2819 908 2888 mundi,

455 2910 549 2947 rex
572 2909 772 2962 regum,
799 2890 969 2961 gloria
991 2889 1127 2957 coeli,

383 2963 484 3018 Cui
512 2969 695 3017 manet
718 2961 999 3033 imperium

457 3034 575 3088 laus
599 3039 655 3088 et
678 3034 838 3087 decus
862 3032 949 3085 hic
972 3037 1028 3085 et
1050 3031 1106 3083 in
1133 3046 1327 3085 aevum.

386 3105 494 3159 Hic
518 3111 598 3159 est
620 3104 712 3158 ille
736 3102 830 3174 qui
855 3107 919 3156 ut
941 3117 1114 3171 agnus

456 3175 641 3230 insons
664 3174 824 3228 morti
847 3172 1092 3226 traditur.

386 3245 535 3301 Mors
559 3245 757 3313 mortis,
785 3242 984 3296 inferni
1007 3258 1228 3309 morsus,

458 3323 628 3371 morte
650 3316 858 3369 donans
881 3314 1071 3367 vivere.

387 3383 466 3442 Ut
489 3387 759 3456 quondam
780 3383 927 3438 beati
952 3387 1100 3437 vates

459 3461 834 3529 prompserunt
857 3451 1176 3526 prophetice.

388 3541 557 3609 Salve,
586 3544 769 3593 nostra
792 3537 950 3604 salus,

456 3629 565 3683 pax
588 3627 726 3678 vera,
748 3605 1059 3677 redemptio,
1086 3605 1269 3660 virtus.

389 3682 548 3737 Ultro
571 3680 666 3751 qui
692 3678 879 3732 mortis

458 3770 555 3825 pro
578 3750 732 3805 nobis
748 3750 877 3819 jura
898 3745 1104 3800 subisti.

390 3835 600 3907 Dignus
620 3850 691 3902 es,
720 3830 948 3885 Domine
973 3829 1116 3884 Deus
1138 3836 1331 3899 noster,
1358 3830 1593 3900 accipere

458 3905 684 3977 gloriam
708 3909 763 3957 et
787 3902 1056 3954 honorem.

456 3989 760 4043 Occurrunt
772 3985 948 4038 turbae
960 4000 1083 4037 cum
1099 3983 1318 4039 floribus
1328 3989 1386 4038 et
1400 3982 1596 4054 palmis

392 4056 735 4128 Redemptori
769 4055 995 4121 obviam,
1034 4054 1287 4110 etvietori
1321 4054 1592 4124 triumph·

387 4130 505 4185 anti
529 4130 696 4198 digna
733 4126 870 4179 dant
915 4126 1167 4195 obsequia
1202 4125 1339 4179 Filio
1376 4125 1474 4178 Dei
1503 4142 1595 4178 ore

384 4206 573 4271 gentes
621 4198 920 4269 praedicant
965 4202 1020 4251 et
1054 4197 1113 4250 in
1151 4197 1364 4251 laudem
1391 4195 1594 4250 Christi

385 4288 536 4328 voces
567 4274 761 4322 tonant
783 4285 878 4338 per
901 4266 1090 4322 nubila
1113 4267 1388 4321 Hosanna.

458 4352 720 4408 Dominus
754 4352 916 4406 «Iesus
950 4357 1078 4404 ante
1114 4368 1206 4404 sex
1230 4351 1345 4404 dies
1370 4349 1593 4405 Paschae

385 4424 536 4479 venit
558 4422 886 4487 Bethaniam‚
904 4422 999 4475 ubi
1017 4421 1192 4475 fuerat
1211 4420 1437 4476 Iasms
1452 4437 1591 4474 mor-

384 4503 525 4564 tuus,
553 4494 720 4560 Quem
749 4492 1027 4547 suscitavit
1048 4490 1224 4547 Jesus.

1015 238 1380 294 DommoA
1411 239 1493 290 m
1524 238 1749 290 nnus
1781 239 2207 290 PALMARUM.

2760 226 2873 293 260

1684 417 1778 456 sex
1799 419 1811 467 ;
1834 394 2189 474 Antiphona,
2208 403 2359 459 Ante
2376 420 2468 460 sex
2485 404 2601 461 dies
2739 406 2872 461 ‘onis

1686 472 2209 553 Hicfiatprima
2253 478 2468 549 statio;
2571 478 2583 490 ‘
2674 479 2776 537 icet
2821 499 2875 535 es

1770 620 1976 676 Versus.
2022 622 2404 679 Convenerunt
2425 630 2610 679 autem
2636 624 2710 679 ibi
2736 625 2873 678 multi

1686 690 1728 744 J
1731 691 2005 746 udaeorum
2032 699 2095 747 ut
2113 693 2372 749 Lazarum
2394 696 2655 751 viderent.
2703 695 2871 760 Quem.

1758 774 2143 847 Cogitaverunt
2164 785 2347 832 autem
2372 778 2644 850 principes
2665 778 2873 833 sacerdo-

1687 852 1806 900 tum
1834 854 1895 900 ut
1919 853 1974 901 et
1999 846 2258 901 Lazarum
2282 850 2666 903 interficerent.
2733 849 2875 919 Prop-

1687 925 1770 971 ter
1805 935 1965 988 quem
2001 919 2164 972 multi
2197 918 2487 974 veniebant
2523 927 2581 974 et
2618 920 2876 975 credebant

1686 988 1747 1042 in
1771 988 1813 1041 J
1813 1007 1979 1043 esum.

1770 1060 1975 1114 Versus.
2014 1058 2403 1113 Testimonium
2439 1076 2566 1131 ergo
2590 1060 2878 1132 perhibebat

1689 1131 1863 1198 turba,
1884 1147 2008 1201 quae
2026 1136 2142 1184 erat
2159 1148 2283 1184 cum
2299 1148 2374 1200 ee,
2396 1133 2619 1200 quando
2645 1131 2876 1185 lazarum

1690 1200 1899 1255 vocavit
1920 1202 1987 1255 de
2011 1210 2376 1272 monumento,
2396 1209 2450 1255 et
2474 1203 2754 1257 suscitavit
2774 1218 2876 1255 eum

1690 1289 1725 1325 a
1748 1272 1988 1326 mortuis.
2064 1272 2307 1342 Propter.

1692 1355 1876 1410 Gloria
1900 1355 2019 1409 laus
2042 1360 2097 1408 et
2121 1356 2293 1409 honor

1762 1426 1864 1481 tibi
1888 1425 1973 1491 sit,
2002 1426 2118 1479 Rex
2142 1425 2354 1480 Christe
2377 1424 2721 1498 Redemptor.

1692 1497 1794 1551 Cui
1818 1498 2023 1568 puerile
2044 1498 2205 1550 decus

1692 1568 2025 1692 Isgffimpsgt
2047 1568 2290 1692 lliganna
2312 1566 2481 1639 pium.

1884 1655 1941 1691 es
1990 1656 2025 1691 u
2131 1655 2166 1690 x

1765 1708 1986 1764 Davidis
2009 1716 2064 1763 et
2085 1679 2292 1779 inclyta
2315 1706 2503 1779 proles.

1693 1779 1928 1834 Nomine
1951 1780 2046 1849 qui
2068 1778 2128 1832 in
2155 1778 2390 1847 Domini,

1766 1851 1882 1904 Rex
1905 1850 2197 1917 benedicte,
2227 1849 2391 1903 venis.

1696 1920 1882 1975 Coetus
1905 1922 1963 1973 in
1990 1921 2209 1974 excelsis

1766 1997 1822 2045 te
1846 1992 2032 2045 laudat
2056 1991 2271 2044 coelicus
2289 1988 2478 2057 omnis,

1698 2062 1771 2117 Et
1794 2062 2037 2116 mortalis
2060 2062 2235 2126 homo,
2261 2066 2318 2113 et

1768 2139 1965 2187 cuncta
1987 2139 2165 2186 creata
2186 2130 2364 2185 simul.

1700 2203 1861 2258 Plebs
1884 2204 2118 2258 Hebraea
2140 2202 2243 2256 tibi

1770 2292 1892 2329 cum
1918 2274 2112 2346 palmis
2136 2272 2290 2327 obvia
2313 2271 2478 2326 venit.
2579 2301 2583 2305 -

1700 2344 1835 2398 Cum
1862 2362 2028 2417 prece,
2055 2349 2191 2412 voto,
2219 2341 2452 2413 hymnis,

1769 2417 2026 2470 adsumus
2048 2432 2165 2470 ecce
2188 2414 2302 2467 tibi.

1769 2511 2115 2583 Collegerunt
2129 2508 2416 2569 Pontifices
2429 2513 2486 2562 et
2501 2505 2770 2562 Pharisaei
2786 2521 2887 2560 oon·

1698 2582 1901 2651 cilium,
1935 2589 1991 2637 et
2014 2582 2295 2646 dicebant;
2334 2579 2477 2644 Quid
2499 2578 2747 2647 facimus,
2784 2575 2892 2646 quis
2941 2581 2942 2588 ’

1698 2653 1787 2707 hic
1804 2653 1965 2708 homo
1984 2652 2159 2706 multa
2176 2652 2330 2721 signa
2346 2650 2498 2716 facim
2520 2649 2565 2702 si
2581 2647 2892 2701 dimittimus

1697 2740 1819 2778 eum
1840 2723 1929 2793 sic,
1952 2740 2135 2776 omnes
2149 2721 2366 2776 credent
2390 2720 2448 2774 in
2465 2737 2604 2774 eum.
2670 2718 2756 2773 Ne
2778 2717 2890 2771 forte

1696 2794 1920 2849 veniant
1938 2793 2167 2847 Romani
2187 2798 2242 2847 et
2255 2791 2451 2846 tollant
2469 2796 2717 2843 nostrum
2738 2789 2891 2842 locum

1697 2871 1753 2919 et
1812 2870 1935 2989 egis?
1939 2883 2127 2988 1ziiitem
2146 2951 2212 2987 ex
2230 2931 2372 3004 ipsis,
2399 2931 2477 2985 Ca
2549 2930 2654 2983 has
2677 2928 2891 2992 nomine,

1699 3023 1820 3060 cum
1859 3012 1996 3060 esset
2028 3004 2279 3059 Pontifex
2316 3002 2451 3057 anni
2481 3020 2499 3055 1
2545 3002 2647 3070 ius,
2688 2999 2893 3072 prophe·
2937 3061 2938 3072 γ

1701 3076 1840 3131 tavit
1899 3076 2112 3142 dieens;
2170 3074 2403 3146 Expedit
2449 3072 2599 3127 vobis
2648 3081 2717 3126 ut
2772 3085 2896 3124 unus

2430 3143 2520 3197 ulo
2555 3148 2612 3196 et
2649 3159 2764 3197 non
2799 3148 2896 3195 tota

1914 3223 2042 3271 reat.
2081 3218 2172 3270 Ab
2187 3217 2284 3271 illo
2298 3233 2422 3286 ergo
2437 3214 2525 3268 die
2538 3213 2897 3284 cogitaverunt

1882 3306 1997 3343 cere
2020 3305 2142 3342 eum
2168 3287 2418 3341 dicentes.
2491 3284 2591 3339 Ne.

1703 3148 1962 3201 moriatur
1997 3147 2157 3201 homo
2192 3163 2288 3216 pro
2321 3161 2427 3216 pop

1701 3236 1834 3300 gens

1701 3296 1815 3343 inte

1771 3385 2115 3456 Ingrediente
2139 3384 2369 3438 Domino
2387 3383 2445 3435 in
2464 3387 2712 3436 sanctam
2732 3380 2896 3436 civita·

1704 3464 1829 3524 tem,
1870 3456 2223 3510 Hebraeorum
2270 3453 2421 3526 pueri
2468 3452 2896 3507 resurrectionem

1703 3528 1831 3582 vitae
1892 3526 2286 3579 ronunciantes.
2360 3525 2497 3577 Cum
2522 3523 2695 3577 ramis
2712 3522 2899 3606 palma-
2932 3507 2934 3626 1

1702 3614 1824 3651 rum
1908 3614 2111 3650 osanna
2133 3596 2440 3651 clamabant
2461 3594 2523 3647 in
2548 3593 2788 3648 excelsis.

1785 3668 1990 3721 Versus,
2060 3665 2302 3736 Cumque
2320 3666 2598 3721 audissent
2617 3665 2750 3735 quia
2765 3660 2900 3717 venit

1701 3738 1745 3863 ἐ
1743 3756 1863 3793 esus
1887 3737 2312 3820 Hierosolymam
2340 3735 2590 3791 exierunt
2608 3734 2822 3792 obviam
2843 3731 2896 3786 ei.

1749 3828 1840 3863 um
1865 3826 2043 3863 ramis.

1761 3908 1880 3961 Ave
1899 3906 2014 3959 Rex
2038 3911 2231 3974 noster,
2251 3905 2353 3958 Fili
2381 3902 2572 3970 David,
2591 3901 2793 3957 Redem
2834 3906 2903 3953 tor

1704 3978 1906 4047 mundi,
1929 3994 2087 4046 quem
2114 3977 2388 4047 prophetae
2402 3974 2779 4045 praedixerunt
2797 3920 2900 4025 ¹8).ss-

1705 4055 1934 4103 vaterem
1980 4048 2170 4100 domus
2229 4046 2394 4099 Israel
2444 4062 2557 4099 esse
2605 4052 2899 4099 venturum.

1700 4120 1773 4173 Te
1821 4119 1966 4173 enim
2002 4118 2072 4171 ad
2107 4117 2394 4171 salutarem
2432 4115 2712 4170 victimam
2756 4112 2904 4167 Pater

1703 4190 1853 4243 misit
1900 4190 1960 4241 in
2010 4188 2291 4256 mundum,
2340 4204 2502 4257 quem
2560 4186 2904 4257 expectabant

1702 4278 1887 4314 omnes
1911 4259 2079 4313 sancti
2106 4260 2174 4312 ab
2198 4257 2407 4328 origine
2430 4257 2643 4324 mundi,
2670 4265 2728 4309 et
2753 4271 2904 4308 nunc.

1706 4331 1965 4385 Hosanna
2013 4329 2151 4383 Filio
2194 4329 2384 4383 David.
2460 4327 2789 4382 Benedictus
2822 4343 2856 4394 q

1703 4403 1854 4524 venilt
1875 4401 1947 4483 ’in
1974 4400 2193 4456 nomine
2218 4399 2463 4455 Domine.
2554 4399 2823 4453 Hosnnna
2855 4396 2872 4447 i

1701 4489 1825 4528 exce
1847 4490 1934 4528 sis.

2930 3737 2932 3856 l

2928 3991 2930 4084 ψ
