2975 5009
373 197 506 265 243

377 370 502 430 dis:
551 372 624 433 ab
650 374 1075 455 insurgentibus
1099 377 1161 436 in
1188 398 1283 440 me
1310 378 1589 440 exaltabis

377 470 490 523 me,
517 471 553 509 a
579 452 701 511 viro
721 455 916 534 iniquo
940 456 1147 537 eripies
1175 478 1288 531 me,
1315 459 1585 520 Domine.

458 527 777 589 Psalmus.⁸

451 606 686 679 Diligam
735 615 804 678 te,
850 610 1080 667 Domine
1123 610 1383 669 fortitudo
1423 631 1585 669 mea:

376 676 643 761 Dominus
680 680 1084 737 firmamentum
1123 700 1308 739 meum
1348 690 1404 741 et
1443 685 1586 741 refu·

376 765 529 821 guum
555 767 752 806 meum.

460 820 598 880 Non
622 822 839 881 dicitur
863 828 893 868 b
909 822 1194 882 naevius.»

459 898 778 961 Flectamus
802 921 1007 980 genua.
1087 901 1322 963 Levate.

464 976 685 1037 Oratio.

461 1052 822 1116 Sanctificato
861 1055 966 1117 hoc
996 1053 1233 1138 jejunio,
1277 1062 1449 1133 DeuS,
1494 1069 1587 1121 tu·

382 1153 546 1194 orum
563 1135 733 1194 corda
751 1135 1004 1196 fidelium
1021 1139 1322 1197 miserator
1339 1139 1586 1201 illustra:

383 1222 443 1274 et
468 1213 669 1291 quibus
693 1214 1007 1274 devotionis
1032 1224 1267 1295 praestas
1297 1217 1588 1291 affectum,

384 1294 578 1371 praebe
617 1292 1060 1371 supplicantibus
1104 1294 1264 1373 pium
1310 1297 1588 1377 benignus

385 1369 662 1428 auditum.
744 1370 858 1430 Per
884 1371 1213 1432 Dominum.

462 1447 656 1506 Lectio
685 1447 821 1507 libri
846 1447 1139 1510 Leviticae

466 1525 538 1584 In
558 1527 755 1585 diebus
775 1527 903 1601 illis,
933 1530 1180 1588 Locutus
1200 1538 1288 1590 est
1309 1529 1589 1592 Dominus

383 1603 456 1663 ad
498 1604 742 1681 Moysen
787 1607 1013 1679 dicens;
1048 1607 1101 1667 L
1175 1629 1311 1669 uere
1348 1611 1420 1669 ad
1461 1612 1589 1669 uni-

383 1703 610 1743 versum
637 1692 843 1743 coetum
870 1685 1117 1746 filiorum
1177 1687 1342 1761 srael,
1361 1697 1421 1749 et
1439 1689 1591 1749 dices

386 1761 459 1820 ad
502 1781 630 1821 eos:
684 1763 809 1841 Ego
860 1764 1139 1824 Dominus
1178 1766 1335 1826 Deus
1379 1779 1586 1827 vester.

386 1838 525 1899 Non
543 1839 754 1900 facietis
769 1842 1004 1900 furtum.
1053 1842 1192 1902 Non
1210 1846 1590 1918 mentiemini,

387 1938 492 1978 nec
543 1918 664 1979 deci
706 1920 787 1978 iet
830 1922 1208 2001 unusquisque
1259 1925 1588 2003 proximum

383 2016 566 2056 suum.
665 1941 815 2056 {Ion
878 2000 1192 2079 perjurabis
1243 2002 1305 2059 in
1360 2004 1589 2063 nomine

387 2095 539 2147 meo,
566 2095 670 2135 nec
688 2075 901 2155 pollues
921 2097 1130 2137 nomen
1151 2079 1260 2138 Dei
1287 2080 1391 2139 tui.
1462 2081 1590 2160 Ego

386 2154 684 2213 Dominus.
725 2153 787 2212 N
788 2174 861 2212 on
878 2153 1044 2214 facies
1060 2155 1398 2217 calumniam
1416 2179 1588 2237 prox-

385 2230 501 2290 imo
528 2240 645 2304 tuo,
673 2252 778 2291 nec
803 2234 858 2290 vi
886 2233 1169 2313 opprimes
1196 2255 1344 2294 eum.
1444 2237 1587 2297 Non

385 2312 701 2369 morabitur
720 2330 856 2388 opus
884 2313 1217 2371 mercenarii
1243 2315 1329 2373 tui
1350 2316 1501 2393 apud
1527 2325 1588 2376 te

383 2408 561 2466 usque
588 2408 789 2447 mane..
852 2388 917 2447 N
920 2409 993 2448 on
1046 2390 1344 2452 maledices
1396 2395 1587 2469 surde,

385 2486 490 2526 nec
515 2486 704 2524 coram
745 2487 891 2526 caeco
930 2488 1105 2546 pones
1145 2470 1585 2534 offendiculum:

382 2545 483 2604 sed
523 2544 750 2604 timebis
795 2546 1106 2605 Dominum
1159 2549 1349 2609 Deum
1403 2561 1586 2624 tuum,

383 2623 516 2700 quia
551 2642 655 2702 ego
700 2643 824 2681 sum
869 2624 1164 2685 Dominus.
1247 2627 1386 2686 Non
1422 2628 1587 2689 facies

423 2701 533 2760 uod
553 2701 806 2779 iniquum
828 2710 934 2774 est,
953 2724 1056 2763 nec
1072 2704 1278 2783 injuste
1285 2705 1586 2783 judicabis.

380 2721 442 2838 {J
446 2799 519 2839 on
583 2781 899 2840 consideres
950 2803 1250 2862 personam
1304 2805 1410 2864 pau
1453 2788 1583 2859 eris,

383 2877 489 2917 nec
530 2858 769 2918 honores
813 2858 1024 2919 vultum
1065 2863 1331 2940 potentis.
1411 2807 1587 2925 gusto

374 2935 567 3014 judica
592 2938 855 3015 proximo
893 2946 1008 2997 tuo.
1088 2939 1225 2999 Non
1253 2941 1366 3000 eris
1392 2945 1586 3001 crimi-

379 3023 549 3074 nator
575 3035 679 3075 nec
717 3035 945 3075 susurro
991 3017 1051 3075 in
1090 3018 1327 3098 populis.
1442 3021 1582 3081 Non

379 3093 552 3153 stabis
591 3103 790 3153 contra
823 3114 923 3153 san
1002 3095 1154 3155 inem
1189 3097 1435 3175 proximi
1476 3100 1581 3158 tui.

382 3172 507 3250 Ego
556 3172 850 3232 Dominus.
994 3193 1067 3232 on
1115 3175 1301 3234 oderis
1342 3177 1580 3238 fratrem

383 3259 541 3310 tuum
568 3252 628 3308 in
658 3252 824 3311 corde
850 3259 971 3322 tue,
1010 3254 1111 3311 sed
1150 3253 1369 3331 publice
1407 3277 1583 3335 argue

377 3347 528 3401 eum,
557 3332 587 3372 ἅ
607 3349 679 3388 ne
697 3330 727 3368 ‘¹
746 3329 954 3390 habeas
972 3349 1141 3408 super
1159 3329 1257 3389 illo
1276 3344 1583 3411 peccatum.

376 3404 517 3465 Non
546 3427 764 3484 quaeras
793 3408 1068 3466 ultionem
1096 3409 1448 3470 inimicorum
1480 3434 1586 3473 nec

377 3504 599 3543 memor
652 3485 763 3544 eris
816 3486 1042 3564 injuriae
1089 3487 1291 3545 civium
1332 3497 1580 3549 tuorum.

380 3562 598 3641 Diliges
640 3564 884 3622 amicum
926 3571 1089 3622 tuum
1135 3565 1280 3625 sicut
1317 3570 1583 3647 teipsum.

379 3640 506 3720 Ego
526 3641 822 3700 Dominus.
904 3640 1090 3717 Leges
1115 3663 1269 3703 meas
1289 3648 1583 3707 custodite.

378 3719 506 3800 Ego
532 3718 684 3779 enim
711 3739 836 3778 sum
863 3719 1142 3780 Dominus
1168 3723 1323 3782 Deus
1354 3734 1556 3785 vester.

456 3796 768 3857 (lv-adalae

446 3873 712 3929 Exaltabo
736 3879 804 3943 te,
837 3872 1080 3945 Domine,
1118 3875 1374 3947 quoniam
1410 3896 1581 3936 susee-

373 3944 502 4018 pisti
537 3962 626 3999 me
656 3964 668 3998 :
704 3961 803 4000 nee
836 3944 1110 4001 delectasti
1151 3946 1396 4004 inimicos
1438 3968 1585 4006 meos

373 4032 534 4087 super
555 4032 656 4069 me.
1460 4033 1475 4050 ν

370 4218 399 4250 ⁸
434 4211 505 4265 ib.
534 4211 605 4282 (v.
634 4210 683 4279 1,
704 4210 782 4283 2.)

370 4282 401 4322 b
435 4281 620 4337 Gloria
638 4281 946 4337 Patri—15.
972 4282 1057 4338 26.

374 4363 398 4392 0
434 4369 548 4422 cap.
575 4352 684 4406 xix.
713 4352 770 4407 C.
798 4355 872 4426 (v.
899 4352 1114 4420 11-19.)

374 4423 402 4462 ⁴¹
440 4428 504 4476 ut
527 4423 795 4478 non—92.
822 4424 907 4480 97.
935 4424 1019 4478 98.

725 217 943 269 ΡΕῙΠΑ
986 219 1285 281 QUARTA
1332 223 1544 273 Imm).
1578 223 1876 285 Qum‘l'ffl
1908 222 2519 285 QUADRAGESIMAE.

2770 220 2883 285 244

1701 379 1765 435 V.
1839 378 2072 437 Domine
2118 381 2266 438 Deus
2305 383 2535 456 ‘meua‘
2566 387 2799 445 clamavi
2821 392 2880 446 ad

1688 456 1744 506 te
1766 455 1822 505 et
1844 453 2047 507 sanasti
2079 471 2195 521 me;
2223 455 2466 528 Domine,
2492 459 2802 515 abstraxisti
2823 464 2880 516 ab

1687 520 1876 576 inferis
1919 523 2161 578 animam
2196 543 2415 580 meam:
2465 528 2691 586 salvasti
2728 549 2811 587 ms
2853 551 2879 587 ι

1686 591 2131 649 descendentibus
2151 595 2215 648 in
2238 596 2433 652 lacum.

1770 663 2025 723 Tractus.
2079 665 2160 721 De
2175 667 2596 725 necessitatibus.
2642 679 2707 731 ut
2721 694 2877 753 supra

1670 739 1833 817 feria
1859 751 2066 819 quarta
2076 753 2206 822 post
2231 745 2639 811 Reminiscere.

1770 818 2089 879 Secumdum
2115 821 2487 883 «Iohannem.ss
2941 867 2942 886 ι

1767 897 1840 956 In
1863 898 1959 958 illo
1977 907 2252 979 tempore,
2275 903 2448 961 Facta
2472 912 2609 964 sunt
2624 904 2876 967 Encaenia

1688 974 1750 1033 in
1796 976 2246 1055 Hierosolymis:
2296 989 2356 1040 et
2401 980 2587 1042 hiems
2631 993 2752 1044 erat
2767 1007 2785 1059 ;
2828 997 2876 1045 et

1687 1054 2011 1115 ambulabat
2045 1056 2088 1116 J
2091 1077 2215 1117 esus
2241 1058 2302 1117 in
2322 1060 2556 1139 templo,
2585 1062 2648 1120 in
2675 1065 2875 1142 porticu

1691 1131 2024 1193 Salomonis.
2084 1134 2599 1200 Circumdederunt
2613 1162 2748 1221 ergo
2762 1163 2876 1202 eum

1689 1211 1732 1271 J
1736 1211 1904 1284 admi,
1966 1222 2028 1273 et
2091 1214 2357 1275 dicebant
2421 1217 2514 1290 ei;
2588 1218 2876 1299 Quousque

1688 1288 1939 1348 animam
1960 1299 2211 1351 nostram
2231 1292 2422 1355 tollis?
2450 1296 2499 1354 si
2523 1305 2589 1356 tu
2618 1318 2678 1357 es
2703 1298 2880 1360 Chris·

1689 1378 1800 1440 tus,
1828 1368 1921 1428 dic
1945 1371 2107 1429 nobis
2146 1371 2352 1450 palam.
2453 1374 2777 1454 Respondit
2814 1378 2879 1437 eis

1688 1445 1734 1505 J
1735 1465 1896 1520 esus;
1937 1446 2167 1527 Loquor
2193 1451 2368 1523 vobis,
2397 1459 2457 1511 et
2483 1473 2599 1511 non
2627 1456 2877 1515 creditis:

1689 1542 1861 1603 opera
1897 1545 2025 1604 quse
2056 1547 2162 1606 ego
2185 1528 2328 1588 facio
2355 1531 2414 1587 in
2441 1533 2676 1592 nomine
2711 1533 2880 1593 Patris
2943 1585 2944 1588 ,

1691 1602 1823 1676 mei,
1870 1604 1995 1664 haec
2039 1608 2429 1666 testimonium
2469 1610 2779 1688 perhibent
2823 1614 2879 1671 de
2943 1625 2944 1674 ἒ

1691 1701 1820 1742 met
1868 1685 1970 1741 sed
2009 1704 2107 1743 vos
2154 1706 2269 1744 non
2317 1687 2563 1760 creditiS,
2608 1690 2743 1767 quia
2779 1711 2880 1750 non
2943 1693 2944 1696 ’

1691 1760 1827 1818 estis
1844 1780 1919 1819 ex
1936 1762 2129 1820 ovibus
2146 1764 2305 1823 meis.
2365 1765 2515 1826 Oves
2535 1788 2684 1827 mese
2703 1788 2878 1828 vocem

1691 1857 1877 1895 meam
1917 1840 2187 1900 audiunt:
2232 1851 2293 1902 et
2330 1862 2435 1923 ego
2473 1864 2748 1925 cognosco
2783 1868 2879 1917 eas,

1691 1926 1752 1974 et
1766 1926 2077 1994 sequuntur
2093 1941 2209 1981 me:
2229 1928 2288 1980 et
2304 1942 2407 2001 ego
2423 1924 2600 1982 vitam
2617 1933 2879 1985 aeternam

1690 1992 1765 2052 do
1786 1995 1867 2053 eis
1888 2018 1902 2055 ε
1923 2004 1982 2055 et
2002 2017 2117 2054 non
2142 2000 2409 2077 peribunt
2428 2002 2489 2058 in
2509 2010 2817 2076 aeternum,
2836 2017 2880 2063 et

1690 2091 1803 2129 non
1826 2074 2013 2152 rapiet
2038 2095 2130 2134 eas
2149 2078 2443 2155 quisquam
2463 2080 2535 2138 de
2556 2102 2731 2140 manu
2749 2103 2879 2141 mea.

1692 2150 1868 2210 Pater
1908 2173 2066 2212 meus
2105 2157 2257 2232 quod
2291 2157 2454 2216 dedit
2491 2159 2658 2232 mihi,
2714 2163 2881 2239 majus

1691 2230 1952 2288 omnibus
1972 2240 2059 2291 est
2079 2254 2096 2293 ε
2124 2242 2186 2292 et
2204 2254 2373 2294 nemo
2388 2245 2577 2314 potest
2596 2258 2802 2318 rapere
2820 2240 2879 2297 de

1691 2326 1864 2366 manu
1884 2308 2072 2368 Patris
2090 2312 2220 2371 mei.
2299 2313 2425 2393 Ego
2444 2325 2504 2375 et
2522 2314 2698 2376 Pater
2716 2338 2878 2376 unum
2945 2335 2946 2392 ξ

1689 2404 1899 2446 sumus.
1981 2386 2344 2451 Sustulerunt
2384 2396 2416 2435 ¹¹
2434 2412 2571 2472 ergo
2590 2399 2622 2438 h
2676 2395 2878 2475 lapides
2945 2397 2946 2412 ³

1682 2461 1725 2521 J
1725 2464 1891 2538 udaei,
1913 2474 1979 2525 ut
1997 2466 2052 2525 la
2091 2468 2316 2528 idai-ent
2334 2491 2464 2530 eum
2492 2475 2516 2532 2
2571 2472 2879 2554 Respondit

1685 2542 1767 2600 eis
1802 2543 1845 2603 J
1847 2564 2009 2619 esus;
2050 2488 2258 2606 liVIulta
2283 2550 2429 2608 bona
2454 2570 2628 2630 opera
2669 2553 2876 2612 ostendi

1686 2622 1842 2679 vobis
1895 2642 1970 2682 ex
2024 2623 2196 2685 Patre
2248 2646 2395 2699 meo,
2448 2640 2691 2709 propter
2741 2631 2877 2710 quod

1684 2717 1879 2757 eorum
1908 2720 2045 2780 opus
2085 2723 2180 2762 me
2220 2702 2527 2784 lapidatis?
2629 2709 2877 2789 Respon-

1681 2776 1894 2837 derunt
1921 2783 1972 2838 ei
1999 2782 2041 2840 J
2040 2783 2227 2853 udaei3
2274 2786 2363 2843 De
2402 2787 2550 2845 bono
2577 2804 2753 2866 opere
2779 2808 2875 2845 non

1682 2853 1997 2933 lapidamus
2023 2868 2102 2931 te,
2144 2861 2243 2920 sed
2284 2862 2357 2922 de
2397 2863 2753 2944 blasphemia
2770 2887 2787 2938 ;
2827 2875 2878 2924 et

1681 2936 1812 3011 quia
1849 2944 1933 3010 tu,
1976 2936 2146 2997 homo
2172 2960 2298 2998 cum
2327 2942 2419 3015 sis,
2459 2942 2595 3002 facis
2641 2946 2724 3004 tei
2766 2964 2874 3004 sum

1680 3011 1885 3072 Deum.
1966 3014 2285 3096 Respondit
2311 3021 2391 3079 eis
2417 3022 2460 3080 J
2462 3042 2587 3081 esus
2609 3043 2625 3095 ;

1681 3169 1824 3243 dix1,
1877 3173 1959 3230 dii
2011 3174 2191 3234 estis?
2272 3177 2336 3236 Si
2386 3178 2507 3238 illos
2549 3179 2704 3239 dixit
2754 3180 2878 3238 deos

1680 3248 1754 3306 ad
1787 3268 1924 3327 quos
1964 3270 2151 3312 sermo
2179 3253 2290 3313 Dei
2314 3254 2491 3316 factus
2530 3266 2657 3330 est3
2688 3266 2749 3318 et
2772 3277 2877 3315 non

1681 3336 1871 3405 potest
1921 3329 2056 3389 solvi
2109 3333 2431 3411 scriptura3
2485 3356 2661 3414 quem
2714 3334 2879 3396 Pater

1680 3406 2049 3468 sanctificavit
2089 3419 2148 3469 et
2188 3412 2343 3471 misit
2367 3414 2429 3471 in
2466 3416 2765 3487 mundum,
2791 3433 2881 3473 vos

1679 3482 1897 3544 dicitis:
1944 3488 2077 3566 quia
2116 3488 2489 3568 blasphemas,
2550 3494 2687 3572 quia
2725 3493 2879 3551 dixi:

1683 3561 1863 3622 Filius
1891 3564 2002 3625 Dei
2036 3570 2209 3627 sum?
2290 3569 2350 3630 Si
2379 3590 2494 3629 non
2532 3569 2678 3631 facio
2714 3590 2880 3650 opera

1683 3639 1872 3701 Patris
1913 3647 2044 3716 mei,
2086 3646 2264 3706 nolite
2303 3649 2536 3709 credere
2577 3650 2734 3709 mihi.
2815 3650 2876 3709 Si

1678 3729 1870 3779 autem
1897 3720 2073 3784 facio:
2119 3726 2227 3784 etsi
2255 3726 2398 3785 mihi
2419 3748 2536 3787 non
2562 3729 2730 3789 vultis
2757 3747 2874 3786 cre-

1678 3798 1834 3872 dere,
1863 3820 1896 3859 o
1939 3803 2128 3862 eribus
2161 3805 2401 3880 credite,
2426 3816 2495 3866 ut
2519 3805 2876 3888 cognoscatis,

1682 3886 1741 3935 et
1782 3895 1844 3937 cr
1916 3881 2024 3939 atis
2064 3881 2198 3961 quia
2238 3883 2410 3944 Pater
2436 3887 2500 3945 in
2542 3906 2635 3947 me
2675 3893 2775 3957 est,
2817 3892 2877 3942 et

1680 3975 1785 4033 ego
1810 3957 1870 4014 in
1897 3958 2090 4019 Patre.

1681 4226 1705 4255 e
1743 4217 1828 4273 Ps.
1856 4220 2003 4274 xxix.
2032 4221 2178 4291 (xxx.
2211 4222 2355 4346 1-32

1680 4288 1701 4325 ¹*
1732 4305 1842 4343 non
1868 4290 2073 4346 habent
2097 4292 2181 4346 92.
2211 4294 2295 4347 15.
2362 4295 2410 4349 7.

1678 4369 1707 4467 ἱ
1740 4377 1855 4483 ξτες
1878 4362 2416 4491 3.5.·.<e.2.22335³3..
2443 4434 2509 4489 v.

1661 3092 1954 3184 ‘scriptum
1989 3106 2075 3154 est
2102 3096 2162 3154 in
2190 3096 2313 3177 lege
2338 3108 2559 3161 vestra:
2602 3041 2879 3179 quia‘fflg
