2975 5009
173 218 303 283 569

910 232 1280 283 moritum<
1312 235 1523 286 nnn-1
1560 236 1980 289 Aueumlm.

2574 221 2704 288 570

225 475 503 572 Incipit
556 477 936 549 Dictamen
987 477 1172 551 beati
1222 479 1616 576 Anqustini
1665 481 1752 554 de
1804 481 2149 578 ‘reqimine
2190 483 2652 556 sacerdotum.

185 659 314 718 Viri
343 659 713 732 venerabiles,
739 661 1061 720 sacerdotes
1101 660 1231 733 Dei,

262 758 553 818 praecones
578 738 863 812 altissimi,
892 739 1141 799 lucernae
1169 740 1324 814 fidei,

265 819 526 876 caritatis
554 819 716 877 radio
742 818 1029 897 fulgentes
1057 826 1116 877 et
1139 819 1285 898 spei,

262 896 496 956 auribus
525 897 801 975 percipite
828 899 1005 956 verba
1032 897 1144 955 oris
1175 898 1308 958 mei.

185 1147 313 1184 cum
332 1128 507 1184 cordis
529 1128 766 1199 puritate
785 1133 840 1182 et
857 1128 1215 1199 lacrymarum
1235 1127 1398 1197 fonte,

187 1218 312 1255 cum
337 1199 611 1271 spirituali
635 1199 833 1254 laetitia
857 1206 913 1253 et
934 1199 1133 1281 gaudio
1155 1198 1376 1253 coelesti.

252 1270 469 1325 Sentiat
485 1288 637 1323 mens
652 1287 785 1338 mea,
804 1269 1046 1339 Domine,
1064 1269 1400 1324 dulcedinem

190 1342 518 1397 beatissimae
552 1341 856 1412 praesentiae
892 1346 1018 1409 tuae,
1060 1347 1115 1394 et
1150 1340 1403 1394 excubias

190 1419 501 1468 sanctorum
521 1410 834 1482 angelorum
859 1417 1073 1465 tuorum
1095 1411 1153 1463 in
1174 1410 1402 1465 circuitu

193 1501 327 1537 me0.
404 1483 518 1553 Ego
542 1484 687 1536 enim
713 1498 917 1534 memor
939 1482 1258 1536 venerandae
1381 1511 1401 1520 -

194 1554 366 1607 sionis
400 1559 515 1607 tuae
549 1552 738 1607 accedo
763 1553 832 1605 ad
868 1553 1039 1606 altare
1074 1559 1250 1620 tuum,
1298 1552 1405 1605 ieet

355 1630 455 1692 tor,
483 1629 547 1676 ut
583 1623 798 1676 offeram
825 1623 892 1677 de
918 1622 1076 1676 donis
1100 1623 1211 1676 tuis
1245 1621 1402 1676 sacri-

193 1696 380 1750 ficium
417 1695 562 1763 quod
586 1700 648 1747 tu
672 1693 979 1763 instituisti,
1005 1700 1061 1748 et
1094 1693 1268 1747 offerri
1293 1699 1405 1747 tuae

195 1767 474 1837 majestati
522 1764 838 1835 praecepisti,
884 1764 944 1817 in
981 1762 1404 1818 commemorati-

194 1854 358 1891 onem
375 1843 546 1905 tuam,
564 1841 618 1889 et
635 1852 732 1906 pro
750 1842 933 1889 nostra
950 1835 1138 1888 salute.
1189 1834 1407 1905 Suscipe

195 1925 324 1978 ergo
368 1905 525 1974 illud,
570 1922 767 1975 quoes0,
808 1923 1015 1960 summe
1063 1905 1266 1974 Pastor,
1311 1921 1408 1976 pro

196 1977 439 2033 Ecclesia
461 1983 561 2029 tua
582 1982 770 2030 sancta
804 1983 858 2030 et
893 1976 1092 2048 populo
1129 1981 1224 2029 tuo
1247 1992 1406 2045 quem

194 2047 535 2118 acquisivisti
571 2050 834 2117 sanguine
856 2052 968 2101 tu0.
1043 2046 1115 2100 Et
1150 2045 1406 2117 quoniam

195 2137 286 2174 me
310 2123 640 2191 peccatorem
665 2118 809 2171 inter
834 2123 887 2171 te
910 2123 965 2171 et
988 2117 1218 2170 eundem
1242 2133 1407 2189 popu-

195 2191 314 2244 lum
347 2197 502 2242 tuum
529 2187 765 2241 medium
795 2205 906 2242 esse
928 2187 1160 2257 voluisti,
1188 2188 1314 2241 licet
1350 2186 1410 2239 in

199 2278 289 2314 me
303 2258 434 2314 boni
445 2257 618 2329 operis
630 2259 1000 2312 testimonium
1016 2275 1126 2312 non
1141 2275 1408 2329 agnoscas,

198 2330 433 2386 officium
470 2329 662 2382 saltem
697 2328 1112 2400 dispensationis
1142 2328 1278 2381 mihi
1303 2345 1411 2382 cre-

201 2403 338 2456 ditae
370 2416 483 2453 non
513 2416 732 2468 recuses,
768 2417 838 2453 ne
874 2417 968 2471 per
1003 2416 1090 2453 me
1124 2400 1410 2470 indignum

200 2471 475 2527 famulum
537 2476 694 2524 tuum
748 2487 930 2523 eorum
984 2469 1175 2525 salutis
1233 2476 1415 2541 pereat

202 2542 444 2615 pretium
473 2557 571 2611 pro
606 2539 815 2609 quibus,
842 2540 1062 2595 victima
1084 2540 1270 2611 factus,
1298 2540 1412 2611 dig·

204 2619 374 2668 natus
397 2628 455 2665 es
478 2628 589 2665 esse
612 2610 908 2683 redemptio
932 2611 1197 2666 salutaris.

278 2682 500 2736 Profero
523 2698 660 2752 erge,
688 2681 932 2750 Domine,
960 2681 1005 2735 si
1029 2681 1266 2753 digneris
1299 2699 1415 2753 pro-

205 2753 384 2828 pitius
442 2752 659 2820 intueri,
721 2752 1095 2807 tribulationes
1159 2752 1415 2824 plebium,

206 2822 453 2897 pericula
499 2823 832 2894 populorum,
877 2823 1210 2894 captivorum
1254 2824 1418 2906 gemi-

208 2903 316 2963 tus,
370 2893 611 2947 miserias
657 2894 1035 2965 orphanorum,
1082 2900 1422 2949 necessitates

206 2964 631 3039 peregrinorum,
658 2964 894 3035 inopiam
931 2963 1207 3034 debilium,
1242 2964 1421 3036 despe-

211 3037 456 3091 rationes
496 3032 886 3105 languentium,
932 3036 1166 3089 defectus
1213 3053 1418 3103 senum,

211 3103 454 3178 suspiria
511 3104 791 3175 juvenum,
855 3112 979 3160 vota
1038 3105 1306 3177 virginum
1369 3113 1423 3160 et

210 3178 463 3232 lamenta
497 3175 813 3242 viduarum3
865 3183 927 3229 tu
968 3177 1111 3230 enim
1163 3177 1425 3231 misereris

214 3246 483 3313 omnium,
513 3245 751 3315 Domine,
779 3253 834 3301 et
870 3246 1010 3299 nihil
1047 3247 1206 3302 odisti
1241 3264 1423 3302 eorum

217 3335 345 3391 quae
369 3315 557 3370 fecisti.

293 3387 607 3454 Memorare,
658 3386 902 3456 Domine,
953 3405 1077 3457 quae
1124 3388 1196 3441 sit
1242 3394 1427 3441 nostra

220 3458 541 3526 substantia,
568 3457 694 3527 quia
720 3464 782 3510 tu
819 3458 980 3512 Pater
1015 3466 1195 3512 noster
1226 3477 1312 3525 es;
1365 3467 1424 3511 tu

221 3529 369 3584 Deus
388 3535 567 3581 noster
585 3545 652 3596 es,
675 3546 744 3582 ne
767 3529 1021 3598 irascaris,
1045 3546 1217 3598 neque
1241 3528 1425 3582 multi-

220 3599 473 3654 tudinem
510 3597 770 3653 viscerum
798 3606 1014 3652 tuorum
1053 3600 1428 3655 misericordiae

220 3676 338 3725 tuae
375 3685 535 3740 super
568 3685 665 3722 nos
688 3670 962 3723 contineas
988 3689 999 3737 ;
1040 3688 1150 3723 non
1174 3670 1234 3723 in
1263 3670 1425 3742 justi-

222 3740 569 3794 ficationibus
619 3741 1006 3810 prosternimus
1064 3759 1242 3823 preces
1300 3748 1428 3795 ante

221 3810 414 3933 facipm
442 3815 608 3879 tuam,
636 3811 729 3864 sed
760 3810 821 3863 in
851 3811 1282 3865 miserationibus
1318 3812 1428 3866 tuis

225 3899 323 3935 mu
350 3880 433 3934 tis.

299 3949 474 4004 Aufer
519 3969 553 4004 a
599 3951 768 4019 nobis,
820 3951 1062 4022 Domine,
1113 3951 1430 4035 iniquitates

224 4030 452 4090 nostras,
480 4027 534 4074 et
554 4021 733 4091 ignem
754 4021 934 4076 Sancti
954 4023 1185 4095 Spiritus
1201 4041 1261 4076 m
1276 4024 1431 4078 nobis

222 4093 519 4148 clementer
553 4092 793 4146 accende.
883 4093 1055 4147 Aufer
1091 4112 1125 4148 a
1160 4093 1313 4148 nobis
1344 4110 1433 4148 cor

221 4162 501 4234 lapideum
545 4163 611 4216 de
648 4179 808 4216 carne
849 4170 1043 4233 nostra,
1083 4171 1137 4219 et
1174 4165 1246 4219 da
1283 4164 1435 4219 nobis

223 4250 319 4289 eor
342 4249 610 4302 carneum,
637 4233 781 4303 quod
807 4239 861 4287 te
885 4233 1088 4305 timeat,
1116 4243 1170 4289 te
1194 4240 1353 4306 amet,
1382 4241 1437 4290 te

225 4304 438 4375 diligat,
478 4303 539 4355 in
576 4312 630 4358 te
664 4303 972 4374 delectetur,
1000 4311 1054 4360 te
1088 4312 1354 4378 sequatur,
1382 4313 1436 4362 te

233 4452 259 4478 ¹·
285 4455 369 4495 pro
385 4442 618 4495 spiritibus
634 4443 989 4488 fidelium-MS.

1507 666 1632 725 Vos
1659 664 1719 723 in
1747 666 2066 725 sanctuario
2093 665 2205 725 Dei
2233 666 2567 741 deservitis3

1585 763 1682 803 vos
1723 746 1941 805 vocavit
1979 744 2242 824 palmites
2278 745 2540 804 Christus
2573 764 2712 805 vera

1661 822 1828 896 vitis3

1583 910 1776 960 cavete
1803 921 1877 960 ne
1903 899 2124 960 steriles
2150 908 2250 959 aut
2275 901 2472 961 inanes
2500 901 2643 974 sitis,

1582 981 1631 1039 si
1658 999 1785 1038 cum
1814 998 1952 1039 vero
1976 979 2177 1059 stipite
2205 980 2395 1039 vivere
2422 980 2644 1059 cupitis.

1515 1127 1833 1199 perfruatur.
1919 1126 2161 1196 Oramus,
2202 1125 2446 1198 Domine,
2486 1128 2714 1183 clemen-

1515 1199 1651 1253 tiam
1690 1205 1861 1267 tuam,
1904 1204 1968 1252 ut
2017 1215 2201 1252 sereno
2250 1198 2408 1252 vultu
2453 1198 2716 1253 familiam

1516 1275 1684 1338 tuam,
1705 1269 1840 1323 sacri
1860 1269 2096 1323 nominis
2111 1269 2194 1322 tui
2214 1269 2381 1324 officia
2403 1269 2716 1341 praestolan·

1519 1345 1644 1409 tem,
1672 1340 1906 1412 aspicere
1941 1339 2189 1411 digneris,
2218 1346 2273 1393 et
2307 1345 2371 1393 ut
2406 1340 2614 1393 nullius
2647 1339 2721 1392 sit

1513 1411 1729 1465 irritum
1755 1417 1954 1479 votum,
1981 1410 2187 1463 nullius
2211 1427 2378 1464 vacua
2409 1409 2716 1481 postulatio,

1516 1487 1577 1535 tu
1603 1482 1758 1535 nobis
1781 1498 1959 1552 preces
1982 1498 2217 1563 suggere,
2238 1498 2372 1550 quas
2398 1481 2511 1552 ipse
2531 1481 2719 1534 audire

1515 1569 1611 1624 pro
1649 1553 1780 1605 itius
1804 1560 1859 1605 et
1882 1551 2135 1604 exaudire
2159 1550 2448 1605 delecteris.

1669 1639 1859 1694 gamus
1894 1627 1948 1675 te
1983 1621 2162 1690 etiam,
2201 1621 2363 1675 Pater
2385 1627 2582 1689 sancte,
2610 1620 2647 1654 ‘³¹'
2664 1625 2722 1674 et

1517 1711 1614 1765 pro
1627 1694 1871 1748 omnium
1885 1691 2126 1746 fidelium
2145 1692 2432 1746 animabus
2448 1692 2485 1725 ὓ
2501 1692 2720 1746 defunc-

1519 1772 1695 1819 torum
1723 1770 1786 1817 ut
1809 1764 1882 1816 sit
1914 1761 2023 1816 illis
2046 1762 2191 1817 salus
2214 1768 2432 1831 aeterna,
2460 1767 2720 1833 perpetua

1520 1835 1735 1904 sanitas,
1774 1833 2033 1904 gaudium
2069 1839 2124 1887 et
2158 1833 2491 1904 refrigerium
2530 1832 2723 1903 sempi-

1521 1912 1753 1960 ternum.
1829 1904 1946 1959 Hoc
1981 1921 2242 1974 magnum
2276 1903 2531 1976 puritatis
2553 1920 2722 1957 sacra-

1523 1975 1784 2044 mentum,
1848 1975 1991 2028 Deus
2049 1991 2214 2043 meus,
2265 1974 2338 2028 sit
2397 1974 2507 2027 illis
2565 1974 2725 2028 hodie

1523 2064 1783 2117 magnum
1826 2051 1880 2099 et
1927 2044 2147 2117 plenum
2191 2044 2496 2099 convivium
2538 2044 2606 2098 de
2653 2050 2722 2113 te,

1525 2135 1664 2189 pane
1705 2119 1841 2185 vivo,
1886 2116 1978 2185 qui
2022 2116 2087 2169 de
2125 2115 2256 2170 coelo
2298 2114 2632 2184 descendisti,
2673 2121 2729 2169 et

1525 2190 1621 2243 das
1644 2188 1810 2242 vitam
1848 2187 2052 2240 mundo
2074 2186 2141 2240 de
2166 2204 2322 2241 carne
2344 2192 2442 2240 tua
2463 2191 2650 2239 sancta
2672 2192 2728 2239 et

1524 2259 1821 2327 benedicta,
1848 2257 1978 2327 agni
2002 2257 2248 2311 videlicet
2275 2255 2608 2311 immaculati
2634 2255 2731 2326 qui

1528 2329 1676 2383 tollit
1709 2336 1927 2401 peccata
1961 2328 2170 2396 mundi,
2204 2345 2327 2398 quae
2362 2329 2429 2382 de
2456 2332 2640 2382 sancto
2676 2334 2732 2381 et

1525 2399 1752 2471 glorioso
1776 2406 1928 2452 utero
1963 2399 2136 2453 beatae
2160 2398 2385 2469 virginis
2421 2398 2613 2452 Mariae
2649 2406 2729 2451 est

1525 2476 1816 2541 assumpta,
1838 2477 1892 2523 et
1910 2470 1976 2523 de
2001 2469 2207 2540 Spiritu
2226 2469 2421 2524 Sancto
2439 2474 2697 2540 concepta
2713 2487 2726 2534 ;

1525 2542 1593 2595 de
1616 2540 1711 2594 illo
1735 2541 1964 2611 pretioso
1986 2540 2249 2611 sanguine
2274 2546 2369 2594 tuo
2393 2540 2487 2609 qui
2512 2540 2733 2611 pietatis

1528 2612 1676 2665 fonte
1766 2627 1794 2662 r
1817 2610 2056 2665 lanceam
2082 2610 2275 2664 militis
2299 2628 2365 2664 ex
2391 2617 2485 2664 tuo
2508 2610 2730 2664 sanctis-

1530 2682 1667 2735 simo
1724 2688 1868 2734 atere
1908 2679 2134 2734 feliciter
2174 2680 2460 2750 emanavit,
2503 2687 2565 2734 ut
2606 2680 2733 2735 inde

1532 2752 1568 2823 †
1584 2750 1787 2817 sanati„
1802 2750 2112 2821 refrigerati,
2139 2750 2317 2805 refecti
2343 2757 2399 2805 et
2419 2751 2732 2821 consolati‚†

1533 2822 1805 2877 exsultent
1827 2821 1887 2874 in
1912 2821 2071 2876 laude
2095 2828 2149 2875 et
2172 2820 2342 2891 gloria
2366 2828 2476 2874 tua.

1606 2892 1738 2946 Peto
1773 2892 2114 2947 clementiam
2152 2898 2319 2960 tuam,
2395 2891 2595 2945 iissime
2632 2890 2733 2945 Re·

1535 2964 1792 3035 demptor,
1816 2968 1877 3016 ut
1895 2962 2180 3016 descendat
2198 2979 2355 3033 super
2412 2979 2519 3015 unc
2537 2979 2731 3032 panem

1536 3041 1591 3090 et
1632 3034 1851 3089 calicem
1895 3034 2061 3087 istum
2102 3033 2385 3105 plenitudo
2424 3032 2740 3086 Divinitatis

1535 3112 1660 3160 tuae.
1760 3105 2059 3158 Descendat
2114 3104 2292 3173 etiam,
2345 3104 2588 3171 Domine,
2639 3103 2738 3157 illa

1535 3175 1719 3231 Sancti
1759 3175 1990 3246 Spiritus
2027 3175 2111 3228 tui
2152 3173 2437 3229 invisibilis
2469 3174 2642 3228 forma
2684 3180 2739 3228 et

1536 3245 2088 3317 incomprehensibilis
2110 3246 2375 3317 majestas,
2402 3245 2541 3299 sicut
2568 3262 2737 3314 quon-

1537 3318 1662 3371 dam
1686 3318 1747 3369 in
1771 3323 1986 3388 patrum
2014 3316 2213 3371 hostias
2230 3316 2592 3384 descendebat,
2615 3333 2738 3385 quae

1538 3396 1593 3443 et
1610 3388 1905 3443 oblationes
1922 3393 2130 3441 nostras
2145 3405 2334 3459 corpus
2347 3395 2402 3442 et
2420 3388 2738 3459 sanguinem

1538 3464 1697 3513 tuum
1712 3459 1915 3527 efficiat,
1937 3464 1992 3512 et
2007 3475 2091 3512 me
2106 3457 2393 3529 indignum
2411 3458 2736 3513 sacerdotem

1539 3535 1696 3583 tuum
1720 3530 1907 3583 doceat
1925 3534 2138 3582 tantum
2159 3535 2388 3583 tractare
2405 3528 2738 3600 mysterium,

1539 3617 1658 3655 cum
1682 3601 1852 3654 cordis
1874 3598 2111 3671 puritate
2127 3605 2183 3653 et
2201 3600 2557 3671 lacrymarum
2575 3599 2663 3653 fon
2671 3605 2738 3668 te,
2758 3645 2769 3656 .

1539 3688 1663 3726 cum
1699 3671 1846 3724 omni
1883 3669 2180 3723 reverentia
2208 3675 2263 3723 et
2299 3677 2538 3739 tremore,
2566 3670 2645 3723 ita
2678 3676 2742 3723 ut

1538 3740 1746 3865 placide
1782 3747 1837 3794 et
1871 3739 2103 3809 benigne
2138 3739 2393 3822 suscipias
2424 3740 2742 3795 sacrificium

1596 3812 1716 3864 udis
1776 3812 1842 3865 de
1894 3810 2144 3865 manibus
2204 3827 2336 3864 meis
2384 3811 2453 3864 ad
2511 3810 2742 3864 salutem

1541 3882 1800 3951 omnium,
1845 3888 1958 3936 tam
2001 3881 2243 3935 vivorum
2288 3897 2453 3950 quam
2501 3880 2744 3934 fidelium

1542 3952 1931 4006 defunctorum.

1613 4022 1762 4093 Rogo
1786 4029 1853 4091 te,
1875 4022 2119 4091 Domine,
2139 4038 2234 4093 per
2256 4020 2430 4091 ipsum
2450 4036 2745 4076 sacrosanc-

1544 4098 1663 4146 tum
1689 4093 2003 4163 mysterium
2033 4092 2262 4164 corporis
2285 4097 2339 4145 et
2361 4091 2640 4161 sanguinis
2664 4091 2749 4145 tui

1546 4162 1927 4234 pretiosissimi,
1949 4181 2055 4233 quo
2072 4163 2311 4233 quotidie
2334 4161 2389 4214 in
2411 4161 2630 4216 ecclesia
2653 4167 2752 4216 tua

1546 4238 1733 4288 sancta
1755 4233 2022 4303 pascimur
2039 4241 2093 4288 et
2116 4241 2379 4305 potamur,
2400 4232 2673 4287 abluimur
2695 4239 2752 4287 et

1545 4302 1955 4372 sanctificamur,
1982 4311 2147 4375 atque
2181 4303 2345 4358 unius
2378 4309 2490 4359 tuae
2525 4319 2753 4360 summae

1552 4447 1576 4495 1»
1600 4444 1752 4487 refecti
1771 4445 1814 4485 ct
1829 4442 1995 4495 satiati,
2013 4441 2264 4494 refrigerati
2290 4447 2334 4485 et
2350 4444 2723 4487 consolati-MS.
