2975 5009
168 235 302 299 489
423 252 592 301 DoM.
625 254 695 300 x.
728 254 899 305 Pos'r
935 254 1130 302 rem.

246 408 360 465 Ad
391 406 760 467 Corinthios?

251 486 515 559 Fratres,
536 486 705 546 Scitis
729 488 996 566 quoniam
1023 509 1152 547 cum
1179 499 1380 569 gentes

118 610 121 615 .
173 565 390 637 essetiS,
411 566 485 623 ad
506 565 805 629 simulacra
832 576 992 625 muta
1017 576 1186 645 prout
1213 569 1382 628 duce·

169 644 389 701 bamini
443 653 662 703 euntes„
774 645 916 703 Ideo
974 656 1173 704 notum
1228 649 1383 707 vobis

169 720 333 794 facio,
378 723 530 799 quod
565 743 735 782 nemo
778 723 839 779 in
884 723 1109 802 Spiritu
1151 726 1262 785 Dei
1301 726 1382 785 lo-

169 820 368 878 quenS,
390 800 531 858 dicit
551 801 862 860 anathema
886 802 927 860 J
929 823 1044 861 esu.
1116 804 1192 863 Et
1213 825 1382 863 nemo

168 887 360 957 potest
390 879 579 937 dicere
621 880 903 938 Dominus
942 880 985 939 J
987 901 1131 953 esuS,
1173 883 1281 941 nisi
1322 885 1382 940 in

173 957 398 1036 Spiritu
427 955 650 1016 SanctO.
709 959 1025 1018 Divisiones
1050 980 1181 1018 vero
1206 963 1380 1038 grati-

170 1056 336 1093 arum
380 1044 531 1107 sunt,
566 1037 722 1095 idem
762 1045 954 1096 autem
996 1038 1279 1116 Spiritus:
1323 1048 1382 1098 et

168 1114 474 1173 divisiones
515 1115 999 1173 ministrationum
1038 1125 1190 1188 sunt,
1227 1118 1380 1177 idem

170 1201 366 1250 autem
390 1192 696 1251 Dominus:
741 1203 800 1253 et
820 1194 1118 1253 divisiones
1139 1199 1383 1274 operati-

171 1290 348 1329 onum
376 1278 529 1342 sunt,
559 1272 709 1329 idem
739 1292 873 1330 vero
914 1273 1088 1344 DeuS,
1117 1275 1214 1351 qui
1249 1295 1383 1353 ope·

172 1357 336 1406 ratur
379 1350 570 1407 omnia
597 1351 656 1407 in
685 1351 961 1408 omnibuS.
1062 1351 1384 1430 'Unicuique

171 1436 369 1485 autem
409 1428 579 1487 datur
619 1427 1000 1488 manifestatio
1037 1430 1285 1508 Spiritus
1312 1432 1384 1489 ad

170 1504 501 1564 utilitatem.
583 1506 701 1564 Alii
719 1507 949 1585 quidem
1016 1529 1078 1567 er
1101 1509 1381 1586 Spiritum

172 1584 347 1641 datur
373 1602 561 1642 sermo
582 1586 902 1663 sapientiae3
988 1589 1027 1644 ii
1055 1595 1244 1646 autem
1267 1609 1386 1646 ser-

173 1682 274 1720 mo
300 1662 555 1721 scientiae
595 1665 902 1722 secundum
932 1666 1173 1724 eundem
1203 1667 1384 1745 Spiri-

171 1751 342 1799 tum:
398 1739 565 1799 alteri
605 1741 749 1800 fides
790 1742 849 1799 in
882 1745 1081 1802 eodem
1125 1744 1381 1824 Spiritu:

171 1818 275 1876 alii
314 1819 502 1896 gratia
540 1819 845 1879 sanitatum
888 1822 948 1879 in
979 1842 1092 1880 uno
1133 1823 1384 1902 Spiritu:

172 1897 274 1955 alii
316 1897 570 1974 operatio
605 1898 900 1972 virtutum,
929 1900 1024 1958 alii
1106 1902 1383 1981 rophetia,

173 1975 279 2034 alii
332 1975 598 2034 discretio
650 1977 970 2056 spirituum,
1025 1922 1121 2036 aiii
1173 2002 1387 2060 genera

171 2055 523 2131 linguarum,
570 2053 664 2111 alii
719 2057 1118 2136 interpretatio
1171 2080 1384 2119 sermo-

173 2151 341 2190 num.
441 2132 590 2190 Haec
634 2143 827 2194 autem
884 2137 1076 2195 omnia
1117 2148 1387 2218 operatur

174 2230 328 2269 unus
380 2217 550 2286 atque
602 2211 754 2271 idem
811 2214 1077 2293 Spiritus,
1126 2217 1385 2276 dividens

173 2287 417 2366 singulis
444 2298 615 2366 prout
642 2290 781 2350 vult.

260 2366 564 2425 Gradale.¹'

237 2444 463 2497 Custodi
480 2462 581 2514 me,
600 2446 844 2517 Domine,
864 2454 926 2502 ut
940 2450 1203 2520 pupillam
1223 2450 1385 2504 oculi:

171 2516 276 2570 sub
303 2516 496 2570 umbra
517 2517 726 2570 alarum
751 2524 970 2572 tuarum
994 2526 1210 2592 protege
1234 2539 1335 2576 me.

188 2588 250 2640 V.
327 2585 409 2638 De
432 2585 590 2640 vultu
625 2592 722 2640 tuo
750 2587 1017 2655 judicium
1049 2608 1231 2644 meum
1268 2609 1385 2663 pro-

177 2659 305 2711 deat
335 2675 347 2708 ε
373 2655 515 2709 oculi
540 2655 622 2708 tui
646 2655 867 2709 videant
890 2661 1220 2727 aequitatem.

250 2726 531 2795 Alleluya.
582 2725 640 2778 V.
731 2725 962 2781 Domine
1010 2730 1155 2783 Deus
1201 2731 1392 2786 salutis

178 2814 317 2852 meae
345 2816 356 2848 :
385 2795 444 2848 in
471 2793 559 2848 die
581 2794 808 2849 clamavi
834 2803 889 2851 et
914 2805 1069 2854 nocte
1093 2817 1268 2854 coram
1295 2809 1363 2856 te.

265 2866 589 2926 Secundum
613 2867 883 2926 Lucam.0

260 2946 341 3004 In
385 2944 482 3002 illo
529 2954 803 3025 tempore,
845 2947 988 3008 Cum
1032 2948 1390 3030 “appropin-

178 3031 412 3103 quasset
443 3029 472 3066 d
524 3024 565 3081 J
567 3045 693 3083 esus
746 3025 1133 3100 Hierusalem,
1187 3030 1389 3090 videns

178 3104 473 3161 civitatem
513 3102 675 3162 flevit
722 3124 892 3183 super
939 3105 1114 3179 illam,
1157 3107 1350 3168 dicens
1372 3132 1388 3182 ;

225 3181 322 3238 uia
347 3180 395 3238 si
421 3182 770 3259 cognovisses
798 3191 856 3243 et
882 3194 966 3256 tu,
989 3193 1048 3243 et
1075 3187 1302 3263 quidem
1331 3189 1390 3245 in

181 3204 292 3318 {ac
320 3258 414 3317 die
441 3266 559 3331 tua,
587 3280 715 3337 quae
742 3262 814 3319 ad
841 3283 1035 3340 pacem
1063 3265 1168 3322 tibi
1192 3285 1208 3337 3
1239 3285 1391 3325 nunc

181 3341 381 3397 autem
422 3339 747 3397 abscondita
784 3349 918 3398 sunt
955 3344 1025 3400 ab
1062 3343 1232 3401 oculis
1258 3345 1388 3404 tuis.

187 3416 344 3485 Quia
384 3436 509 3475 ecce
537 3417 771 3476 venient
811 3418 932 3476 dies
972 3420 1033 3477 in
1074 3429 1152 3493 te,
1183 3430 1242 3480 et
1282 3425 1390 3481 cir-

184 3495 537 3554 cumdabunt
590 3506 649 3553 te
703 3496 919 3554 inimici
973 3498 1058 3556 tui
1111 3499 1277 3573 vall0,
1333 3512 1393 3562 et

184 3573 620 3632 circumdabunt
652 3580 730 3647 te,
761 3584 820 3633 et
859 3581 1307 3654 coangustabunt
1332 3590 1392 3640 te

186 3653 460 3729 undique,
489 3659 548 3710 et
573 3651 647 3708 ad
682 3659 897 3711 terram
938 3665 1305 3732 prosternent
1331 3669 1391 3719 te

187 3739 246 3789 et
274 3729 425 3787 filios
451 3736 578 3786 tuos
605 3730 702 3806 qui
729 3731 789 3788 in
817 3740 877 3791 te
905 3742 1056 3804 sunt,
1079 3744 1138 3794 et
1164 3757 1279 3795 non
1301 3759 1391 3797 re-

187 3809 453 3885 linquent
478 3807 537 3863 in
566 3816 625 3866 te
650 3808 891 3886 lapidem
915 3831 1082 3890 super
1106 3814 1351 3893 lapidem
1375 3840 1388 3878 :

185 3906 255 3945 eo
298 3886 450 3963 quod
491 3907 605 3943 non
647 3893 972 3966 cognoveris
1011 3901 1235 3971 tempus
1263 3896 1391 3953 visi-

182 3965 420 4024 tationis
439 3971 574 4022 tuae.
623 3964 703 4023 Et
720 3966 1001 4045 ingressus
1017 3970 1076 4027 in
1096 3971 1389 4051 templum,

184 4042 361 4122 coepit
378 4043 581 4119 ejicere
599 4044 909 4106 vendentes
928 4050 985 4104 in
1004 4049 1101 4107 illo
1118 4060 1176 4109 et
1197 4073 1392 4110 emen-

183 4132 295 4192 tes,
342 4121 535 4179 dicens
572 4121 719 4194 illis3
776 4124 1064 4205 Scriptum
1112 4139 1215 4202 est,
1258 4132 1392 4209 quia

179 4280 208 4307 ⁸
251 4269 280 4321 1
309 4267 382 4322 ad
407 4266 523 4321 Gor.
550 4286 662 4339 cap.
691 4270 783 4325 xii.
814 4274 881 4326 A.
912 4275 982 4344 (v.
1009 4275 1192 4348 2-11.)

177 4341 206 4378 b
248 4340 339 4393 ΡΒ.
359 4338 465 4392 xvi.
486 4338 632 4410 (xvii.
646 4340 782 4412 8,2.)
799 4342 1017 4399 lxxxvii.
1038 4345 1301 4416 (lxxxviii.
1323 4352 1395 4424 1.)

179 4423 203 4450 0
245 4427 366 4481 cap.
394 4407 504 4462 xix.
532 4409 592 4463 Β.
623 4412 692 4481 (v.
721 4413 940 4485 41-47.)

174 4484 203 4519 ‘¹
244 4479 882 4553 appropinquaret—92.
913 4486 994 4540 98.
1024 4487 1119 4541 4L.
1151 4490 1233 4545 57.

1475 258 1643 305 nnn.
1675 257 1847 307 Pos'r
1875 258 2049 308 nom,
2072 262 2138 308 x.
2169 262 2339 311 Posi*
2363 263 2551 314 rem.
2579 249 2709 313 490

1497 413 1700 473 domus
1723 435 1852 474 mea
1875 416 2077 474 domus
2099 419 2368 477 orationis
2396 430 2500 479 est.
2588 421 2710 480 Vos

1497 500 1688 551 autem
1731 492 1937 552 fecistis
1976 494 2134 552 illam
2174 496 2500 575 speluncam
2535 497 2709 557 latro-

1499 591 1656 629 num.
1764 571 1845 631 Et
1900 581 2027 632 erat
2081 575 2291 635 docens
2343 576 2599 653 quotidie
2646 579 2708 636 in

1498 648 1733 727 templo.

1580 727 1992 802 Offertorium.e

1568 805 1661 858 Ad
1687 811 1754 873 te,
1778 805 2021 875 Domine,
2043 805 2218 861 levavi
2242 808 2485 864 animam
2511 826 2705 880 meam,

1500 874 1645 928 Deus
1669 893 1820 930 meus
1843 876 1904 930 in
1936 882 1991 930 te
2015 878 2238 947 confido,
2268 896 2376 933 non
2402 881 2710 935 erubescam

1500 961 1674 1014 neque
1696 946 1960 1001 irrideant
1995 965 2082 1001 me
2110 947 2320 1003 inimici
2357 951 2479 1020 mei,
2508 952 2709 1005 etenim

1498 1015 1735 1138 :liniversi
1772 1017 1867 1086 qui
1908 1031 1959 1071 te
1984 1025 2298 1090 exspectant
2334 1037 2446 1075 non
2482 1023 2708 1077 confun-

1537 1091 1713 1140 entur.

1583 1156 1820 1216 Secreta.

1578 1234 1837 1295 Concede
1865 1239 2028 1297 nobis
2055 1239 2199 1310 haec,
2220 1260 2560 1317 quaesumus,
2591 1243 2708 1301 Do-

1501 1313 1671 1385 mine,
1689 1315 1861 1393 digne
1877 1315 2236 1393 frequentare
2254 1322 2525 1395 mysteria
2535 1343 2551 1394 ;
2574 1323 2709 1399 quia

1500 1392 1719 1468 quoties
1774 1393 1943 1471 hujus
1988 1395 2192 1455 hostiae
2246 1402 2707 1459 commemoratio

1501 1468 1837 1542 celebratur,
1869 1491 2005 1607 opus
2048 1483 2259 1533 nostrae
2298 1477 2708 1556 redemptionis

1502 1556 1818 1607 exercetur.
1934 1550 2017 1609 ‘er
2047 1552 2378 1611 Dominum.

1584 1625 1968 1685 Communioss

1574 1704 1895 1774 Acceptabis
1912 1704 2227 1760 sacrificium
2243 1707 2491 1779 justitiae,
2514 1711 2704 1764 oblati-

1501 1780 1725 1898 iones&
1761 1775 2074 1831 holocausta
2099 1796 2110 1829 ε
2134 1795 2295 1849 super
2331 1779 2503 1835 altare
2544 1787 2705 1836 tuum

1554 1862 1747 1900 omme.

1580 1918 2052 1976 PostcommuniO.

1581 1995 1688 2053 'rui
1707 1995 1884 2068 nobie,
1902 1996 2168 2068 Domine,
2187 2000 2507 2058 communio
2522 2021 2703 2060 sacra-

1502 2074 1684 2133 menti
1731 2081 1791 2132 et
1844 2075 2294 2153 purificationem
2345 2078 2595 2138 conferat
2646 2090 2706 2139 et

1500 2154 1718 2212 tribuat
1743 2153 2044 2214 unitatem.
2127 2156 2243 2214 Per
2270 2157 2601 2217 Dominum.

1604 2397 1817 2470 Feria
1865 2413 2145 2494 quarta.

1584 2493 1681 2552 Ad
1710 2494 2076 2556 Corinthios!

1583 2571 1836 2645 FratreS,
1883 2576 1942 2632 N
1948 2597 2020 2634 on
2068 2578 2252 2636 omnis
2307 2600 2455 2654 car0,
2503 2583 2699 2641 eadem

1502 2669 1662 2707 caro:
1692 2652 1791 2709 sed
1810 2651 1920 2710 alia
1944 2654 2257 2730 hominum,
2279 2658 2390 2716 alia
2414 2681 2700 2739 pecorum,

1501 2727 1613 2783 alia
1665 2728 1971 2802 volucrum,
2026 2732 2137 2791 alia
2187 2744 2378 2795 autem
2441 2739 2699 2817 piscium.

1506 2805 1584 2861 Et
1636 2823 1873 2883 corpora
1911 2810 2159 2870 coelestia
2200 2822 2260 2873 et
2300 2835 2533 2894 corpora
2585 2827 2702 2876 ter-

1505 2882 1740 2954 restria3
1809 2886 1907 2943 sed
1962 2888 2073 2946 alia
2118 2892 2347 2967 quidem
2395 2895 2703 2954 coelestium

1503 2959 1702 3037 gloria,
1743 2960 1855 3020 alia
1897 2977 2088 3024 autem
2130 2973 2485 3031 terrestrium
2520 2999 2533 3034 ε
2594 2975 2707 3033 alia

1504 3037 1730 3097 claritas
1756 3039 1905 3112 soliS,
1935 3042 2044 3101 alia
2068 3044 2292 3107 claritas
2318 3050 2487 3125 lunae,
2510 3063 2571 3112 et
2597 3054 2707 3112 alia

1505 3115 1729 3175 claritas
1796 3119 2084 3179 stellarum
2116 3147 2130 3184 :
2201 3126 2366 3186 stella
2429 3141 2623 3191 autem
2672 3154 2707 3190 a

1505 3194 1671 3254 stella
1700 3196 1900 3256 differt
1934 3199 1994 3255 in
2022 3199 2295 3263 claritate.
2396 3209 2490 3268 Sic
2531 3218 2590 3270 et
2616 3231 2705 3269 re-

1507 3276 1782 3333 surrectio
1818 3288 2189 3337 mortuorum.
2283 3284 2609 3346 Seminatur
2644 3290 2704 3347 in

1507 3354 1884 3432 corruptione,
1922 3367 2118 3433 surget
2153 3359 2213 3415 in
2263 3360 2704 3443 incorruptione.

1507 3428 1835 3491 Seminatur
1877 3435 1937 3491 in
1990 3435 2360 3512 ignobilitate,
2406 3453 2599 3522 surget
2645 3447 2704 3504 in

1506 3509 1704 3589 gloria.
1768 3512 2092 3572 Seminatur
2118 3515 2178 3571 in
2205 3516 2564 3594 infirmitate,
2586 3543 2707 3582 sur-

1505 3598 1607 3667 get
1672 3590 1733 3647 in
1786 3591 2016 3650 virtute.
2114 3593 2444 3655 Seminatur
2508 3621 2709 3680 corpus

1506 3667 1766 3741 animale,
1795 3679 1991 3748 surget
2029 3691 2228 3750 corpus
2270 3675 2542 3753 spiritale.
2644 3682 2706 3740 Si

1508 3752 1595 3804 est
1637 3766 1839 3825 corpus
1877 3749 2138 3823 animale,
2185 3760 2268 3810 est
2317 3763 2376 3813 et
2413 3756 2668 3833 spiritale
2686 3782 2703 3833 3

1508 3823 1651 3881 sicut
1688 3827 1962 3903 scriptum
1990 3837 2095 3900 est,
2139 3830 2343 3888 Factus
2371 3844 2457 3891 est
2488 3836 2706 3913 primus

1506 3899 1678 3960 homo
1737 3904 1929 3962 Adam
1983 3907 2042 3964 in
2101 3910 2348 3967 animam
2402 3912 2703 3987 viventem,

1507 3980 1837 4040 novissimus
1879 3984 2072 4042 Adam
2114 3987 2175 4043 in
2215 3988 2474 4066 spiritum
2520 3991 2705 4051 vivifi-

1505 4066 1747 4118 cantem.
1831 4061 1944 4120 Sed
1965 4083 2079 4122 non
2107 4066 2262 4143 prius
2281 4069 2432 4145 quod
2451 4069 2704 4148 spiritale

1506 4144 1609 4209 est,
1648 4138 1745 4196 sed
1793 4141 1942 4216 quod
1982 4143 2260 4205 animale:
2309 4146 2515 4207 deinde
2554 4153 2706 4228 quod

1508 4292 1530 4319 θ
1569 4283 1654 4337 Ps.
1683 4285 1825 4339 xxiv.
1855 4286 1999 4358 (xxv.
2034 4290 2077 4360 l,
2106 4291 2155 4360 2,
2186 4291 2259 4361 3.)

1508 4354 1528 4391 f
1572 4354 1658 4409 Ps.
1686 4356 1721 4410 1.
1750 4356 1828 4428 (li.
1860 4358 1968 4430 19.)

1508 4434 1536 4472 Β
1575 4426 1599 4477 1
1630 4428 1699 4482 ad
1724 4427 1839 4482 Cor.
1868 4447 1979 4502 cap.
2007 4449 2092 4487 xv.
2120 4432 2179 4487 Ε.
2209 4435 2279 4505 (v.
2310 4433 2525 4507 39-46.)
