2975 5009
327 169 411 234 55
1058 185 1132 236 m
1165 186 1290 235 Dm
1327 186 1797 236 NA'rivirmis
1832 185 2121 236 nomm.
2781 166 2867 229 56

1134 429 1255 503 Ad
1290 429 1597 506 Missam
1634 432 1712 505 in
1746 457 2039 505 aurora.

418 611 696 689 Officium.

1655 616 1836 674 roris:
1910 623 1971 674 et
2025 616 2371 672 vocabuntur
2432 614 2493 670 in
2561 632 2628 672 ea
2688 610 2869 670 sortes

416 692 548 750 Lux
574 690 811 771 fulgebit
838 692 1006 751 hodie
1034 712 1203 770 super
1230 711 1370 765 nos3
1412 694 1546 770 quia
1652 690 1910 773 justitiae,
1950 692 2229 773 plantatio
2262 691 2496 750 Domini
2538 692 2610 749 ad
2647 689 2869 768 glorifi-

340 778 504 828 natus
530 778 617 828 est
642 773 803 830 nobis
823 771 1138 830 Dominus:
1168 781 1228 829 et
1258 773 1545 829 vocabitur

337 848 427 906 Ad
437 848 721 919 mirabilis,
798 849 968 921 Deus,
1048 849 1310 928 princeps
1371 851 1546 942 pacm,

337 935 502 1004 pater
539 926 715 985 futuri
750 926 972 989 saeculi:
1028 927 1183 1005 cujus
1220 948 1383 1007 regni
1432 949 1547 987 non

344 1005 454 1064 erit
480 1004 666 1061 finis,a

428 1080 712 1140 Psalmus.

415 1158 680 1212 Dominus
724 1159 986 1229 regnavit,
1037 1160 1274 1214 decorem
1326 1161 1553 1215 indutus

343 1234 456 1282 est:
505 1229 731 1283 indutus
764 1238 846 1284 est
881 1231 1144 1285 Dominus
1179 1231 1550 1288 fortitudinem

345 1305 400 1353 et
422 1299 707 1371 praecinxit
728 1301 831 1355 seb

449 1370 552 1427 Ad
606 1372 751 1429 hanc
803 1372 1033 1430 missam
1092 1373 1151 1430 K
1193 1372 1296 1446 rie,
1352 1375 1552 1451 absque

344 1449 604 1520 versibus,
657 1448 855 1509 Gloria
906 1451 964 1507 in
1011 1395 1262 1521 excellsiffl
1314 1454 1553 1512 Sanctus

346 1535 396 1584 et
424 1528 648 1604 Agnus,
668 1528 812 1586 sicut
838 1527 1062 1605 infesto
1089 1530 1342 1609 simplici
1359 1552 1553 1589 ‘novem

349 1605 644 1664 lectionum
672 1607 959 1666 dicuntur.

443 1683 660 1743 Oratim

425 1761 536 1832 Da,
586 1783 923 1840 quaesumuS‚
963 1764 1115 1821 omni
1192 1773 1324 1822 tens
1379 1765 1553 1835 Deus,

349 1848 413 1898 ut
489 1841 546 1897 ui
586 1861 732 1901 nova
771 1841 1043 1901 incarnati
1144 1842 1266 1900 erbi
1302 1843 1388 1901 tui
1434 1843 1557 1902 luce

350 1939 454 1997 per
478 1920 784 1979 undimur:
823 1921 930 1978 hoc
970 1920 1029 1977 in
1070 1928 1265 1978 nostro
1304 1920 1558 1998 resplen-

350 1997 485 2055 deat
524 2016 695 2075 opere
733 2000 884 2075 quod
964 2018 1027 2057 er
1066 1997 1259 2057 fidem·
1277 1998 1458 2078 fulget
1499 2000 1559 2058 in

353 2083 568 2133 mente.
648 2075 761 2135 Per
788 2098 897 2136 eun
943 2096 1053 2134 em.

431 2153 718 2211 Memoria
743 2155 810 2212 de
845 2162 1041 2213 sancta
1080 2153 1397 2213 Anastasia
1431 2174 1562 2214 cum

354 2230 460 2288 hac
491 2230 772 2291 Oratione.

433 2309 542 2378 Da,
591 2329 930 2386 quaesumus,
984 2310 1341 2388 omnipotens
1384 2311 1559 2385 Deus,

355 2395 420 2444 ut
446 2388 541 2464 qui
573 2390 752 2446 beatae
787 2388 1106 2448 Anastasiae
1152 2391 1418 2467 martyris
1447 2400 1561 2448 tuse

357 2465 630 2524 solemnia
655 2466 904 2540 colimus,
946 2468 1067 2546 ejus
1107 2470 1258 2546 apud
1282 2478 1343 2527 te
1370 2478 1561 2547 patro·

357 2543 505 2602 cinia
530 2545 851 2603 sentiamus.
935 2546 1048 2605 Per
1074 2545 1402 2605 Dominum.

436 2621 540 2679 Ad
558 2623 701 2680 hanc
717 2625 947 2682 missam
963 2645 1076 2682 non
1091 2625 1359 2682 dicantem·
1440 2647 1564 2684 ures

363 2698 657 2759 Orationes
676 2702 761 2762 vel
771 2703 1085 2779 pauciores.
1108 2702 1349 2779 Sequens
1454 2704 1565 2762 ctio

362 2779 578 2853 leyatur
622 2779 689 2837 in
727 2781 949 2858 pulpito
993 2782 1062 2838 ab
1109 2802 1221 2839 uno
1260 2781 1456 2841 clerico
1496 2783 1565 2840 de

360 2858 601 2915 secunda
612 2857 826 2934 somna.

443 2934 637 2994 Lectio
666 2936 867 2995 Esaiae
896 2935 1236 3015 Prophetoe.⁰

443 3014 591 3073 Haec
629 3014 766 3074 dicit
808 3016 1107 3087 DominuS‚
1159 3017 1405 3094 Spiritus
1451 3015 1571 3075 Do-

364 3092 507 3149 mini
545 3113 714 3171 super
755 3115 860 3164 me,
905 3115 971 3153 eo
1011 3095 1157 3171 quod
1184 3095 1416 3154 unxerit
1443 3116 1568 3154 me:

363 3170 434 3228 ad
462 3173 919 3230 annunciandum
947 3172 1251 3231 mansuetis
1280 3173 1432 3231 misit
1461 3194 1570 3243 me,

365 3256 432 3307 ut
459 3251 717 3309 mederer
744 3251 1002 3309 contritis
1032 3251 1220 3320 corde,
1260 3260 1320 3310 et
1362 3253 1572 3329 praedi-

367 3347 552 3385 carem
574 3329 808 3408 captivis
837 3326 1264 3406 indulgentiam,
1291 3337 1351 3389 et
1375 3329 1572 3388 clausis

367 3406 760 3540 apertionem:
827 3415 892 3465 ut
945 3407 1313 3485 praedicarem
1355 3428 1571 3466 annum

430 3484 695 3543 acabilem
744 3484 1012 3556 Domino,
1054 3501 1113 3545 et
1151 3486 1305 3544 diem
1345 3486 1573 3545 ultionis

430 3581 496 3619 eo
561 3572 754 3622 nostro
784 3586 798 3623 :
865 3571 931 3621 ut
996 3563 1312 3623 consolarer
1377 3584 1573 3624 omnes

373 3639 658 3719 lugentes:
690 3651 748 3700 et
770 3661 1038 3719 ponerem
1056 3639 1086 3679 ‘¹
1110 3641 1573 3701 consolationem‘¹

369 3717 694 3795 lugentibus
735 3721 912 3781 Sion:
968 3728 1029 3780 et
1066 3720 1262 3779 darem
1306 3721 1385 3779 eis
1416 3740 1576 3780 coro·

369 3816 504 3854 nam
573 3819 676 3877 pro
729 3799 936 3869 cinere,
994 3797 1179 3857 oleum
1230 3798 1420 3877 gaudii
1470 3819 1580 3877 pro

370 3873 543 3946 luctu,
570 3876 802 3954 pallium
829 3876 1006 3935 laudis
1042 3897 1152 3956 pro
1191 3878 1395 3955 spiritu
1441 3898 1578 3935 moe·

368 4001 398 4102 ³
434 3992 860 4137 ΕΜ(
871 3993 1018 4134 <1452
1050 3993 1122 4065 ⁷³

371 4143 396 4173 0
431 4152 544 4206 cap.
573 4135 647 4188 lxi
694 4136 764 4189 A.
793 4135 864 4206 (v.
895 4134 1040 4207 1-3.)

371 4204 399 4243 (ἱ
435 4205 981 4260 fortitudinem—98.
1010 4204 1106 4260 4L.
1133 4206 1281 4260 deest
1304 4204 1369 4257 V.

441 4317 476 4349 '³‘
513 4316 588 4370 Et
626 4316 831 4386 leyatur
871 4318 931 4369 in
960 4317 1173 4385 pulpito
1215 4317 1280 4368 ab
1322 4331 1429 4366 uno
1471 4313 1576 4365 solo

367 4388 544 4443 clerico
567 4388 630 4442 de
654 4389 880 4444 secunda
894 4386 1085 4459 somna
1115 4387 1174 4438 in
1204 4384 1573 4455 superqwllicw.

1657 773 1922 834 candum.
2005 786 2030 815 Θ
2058 771 2203 830 Ecce
2263 770 2541 828 Dominus
2607 769 2866 827 auditum

1659 849 1794 909 fecit
1835 851 1893 908 in
1932 849 2206 908 ext-remis
2232 856 2423 907 terrae.
2503 848 2689 906 Dicite
2734 847 2868 905 filiae

1664 927 1829 990 Sion:
1858 928 2004 987 Ecce
2026 928 2285 988 Salvator
2301 937 2432 984 tuus
2452 927 2633 985 venit:
2662 934 2719 984 et
2744 947 2869 986 ecoe

1662 1026 1876 1066 merces
1921 1007 2041 1085 ejus
2088 1026 2216 1064 cum
2265 1024 2352 1077 eo,
2405 1015 2466 1065 et
2518 1024 2656 1083 opus
2715 1003 2870 1062 illius

1659 1104 1849 1143 coram
1877 1085 1991 1144 illo.
2089 1084 2170 1143 Et
2195 1086 2474 1142 vocabunt
2500 1103 2594 1140 eos
2623 1081 2870 1161 Populus

1662 1172 1901 1235 sanctus,
1931 1162 2212 1240 redempti
2238 1182 2273 1219 a
2299 1162 2608 1220 Dominofl‘

1748 1241 1884 1300 Sine
1935 1241 2248 1299 intervallo.
2343 1240 2538 1297 Lectio
2597 1237 2874 1316 Epi-stulte

1665 1320 1812 1377 beati
1839 1320 2022 1378 Pauli
2046 1317 2309 1397 Apostoli
2333 1341 2351 1376 .·
2378 1318 2457 1375 ad
2486 1316 2724 1374 Titum!
2933 1375 2934 1390 χ

1742 1398 2060 1470 Carissimo,
2103 1397 2393 1476 Apparuit
2438 1395 2763 1472 benignitas
2822 1403 2875 1454 et

1665 1475 1987 1535 humanitas
2021 1475 2327 1537 salvatoris
2366 1474 2546 1532 nostri
2571 1460 2721 1531 Dei:
2760 1495 2872 1532 non

1666 1575 1740 1613 ex
1768 1555 2029 1634 operibus
2047 1555 2306 1632 justitiae,
2333 1573 2461 1631 quae
2481 1552 2716 1612 fecimus
2750 1573 2874 1623 ῐιοε,

1830 1633 2137 1693 secundum
2204 1653 2362 1690 suam
2428 1630 2875 1689 misericordiam
2935 1651 2936 1664 ¹

1666 1711 1845 1770 salvos
1871 1731 1972 1769 nos
1991 1710 2123 1770 fecit
2149 1730 2252 1789 per
2273 1709 2553 1768 lavacrum
2572 1729 2878 1785 regenera-
2935 1713 2936 1776 Ῐ

1668 1790 1835 1849 tionis
1862 1799 1921 1849 et
1948 1789 2325 1848 renovationis
2367 1787 2612 1866 Spiritus
2641 1788 2877 1846 Sancti:

1669 1888 1839 1945 quem
1865 1868 2067 1927 effudit
2090 1868 2147 1924 in
2172 1887 2271 1925 nos
2291 1867 2514 1925 abunde
2543 1886 2647 1944 per
2670 1864 2712 1922 J
2714 1885 2876 1924 esum

1670 1946 1967 2007 Christum
2028 1945 2375 2003 Salvatorem
2430 1954 2686 2002 nostrum
2716 1965 2735 2002 z
2825 1953 2882 2002 ut

1664 2024 1962 2104 justificati
1988 2024 2172 2102 gratia
2199 2023 2396 2102 ipsius,
2438 2022 2679 2081 heredes
2701 2022 2882 2080 simus
2937 2075 2938 2080 ,

1671 2105 1978 2162 secundum
1995 2122 2150 2182 spem
2169 2103 2302 2161 vitae
2322 2113 2555 2162 aeternae
2570 2101 2633 2159 in
2651 2099 2883 2160 Christo

1673 2182 1717 2241 J
1719 2202 1814 2241 esu
1840 2181 2088 2241 Domino
2115 2191 2325 2240 nostro.

1757 2272 2032 2331 Gradale.

1745 2350 2067 2404 Benedictus
2103 2349 2195 2419 qui
2233 2349 2384 2403 venit
2418 2349 2478 2401 in
2515 2348 2739 2401 nomine
2791 2350 2882 2403 Do·

1674 2421 1842 2475 mini:
1869 2422 2013 2475 Deus
2038 2420 2299 2473 Dominus
2321 2426 2377 2474 et
2400 2418 2583 2472 illuxit
2606 2419 2787 2474 nobie.

1688 2493 1747 2546 V.
1821 2494 1876 2544 A
1901 2491 2134 2546 Domino
2163 2491 2364 2545 factum
2390 2496 2471 2544 est
2492 2490 2639 2545 istud
2661 2509 2673 2542 ε
2723 2497 2795 2545 et
2819 2498 2886 2547 est

1676 2562 1921 2617 mirabile
1943 2562 2003 2615 in
2026 2561 2194 2615 oeulis
2218 2561 2458 2615 nosti-iss

1737 2631 2008 2704 Alleluya.
2067 2633 2125 2686 V.
2171 2632 2435 2686 Dominus
2450 2631 2709 2702 regnavit,
2733 2631 2885 2687 deeo-
2935 2642 2943 2658 ⁴

1676 2721 1790 2759 rem
1830 2703 2040 2757 induit:
2084 2702 2266 2756 induit
2304 2703 2567 2756 Dominus
2612 2701 2886 2762 fortitudi-

1678 2793 1804 2831 nem
1826 2780 1882 2829 et
1904 2773 2190 2846 praeeinxit
2211 2791 2267 2829 se
2290 2772 2538 2830 virtute.h

1759 2858 2079 2935 Sequentia.
2400 2897 2405 2902 -

1681 2958 1737 2995 a.
1780 2940 2000 2998 Sonent
2026 2934 2174 3015 Regi
2200 2943 2337 2995 nato
2361 2956 2508 2995 nova
2530 2935 2778 3009 mantica,

1685 3017 1733 3075 b.
1775 3015 1948 3095 Cujus
1976 3015 2151 3074 Pater
2176 3013 2308 3073 fecit
2335 3015 2543 3086 omnia,

1857 3103 2043 3154 mater
2069 3102 2156 3153 est
2184 3093 2342 3170 virgo
2367 3115 2415 3151 c.
2445 3091 2848 3177 sacratissima.

1688 3173 1734 3231 b.
1788 3172 2085 3233 Generalis
2113 3171 2205 3230 hic
2232 3173 2414 3231 nescit
2438 3171 2753 3243 foeminam,

1864 3249 1962 3309 illa
1985 3259 2073 3309 est
2098 3250 2219 3309 sine
2247 3271 2292 3308 c.
2322 3250 2443 3308 viro
2467 3249 2720 3329 gravida.

1685 3329 1733 3387 b.
1781 3327 2037 3388 Verbum
2062 3329 2228 3387 eorde
2258 3329 2447 3387 Patris

1860 3406 2116 3485 genitum
2143 3415 2276 3465 ante
2302 3407 2521 3480 saecula,

1685 3486 1733 3544 b.
1785 3485 1971 3544 Alvus
1998 3485 2193 3543 matris
2218 3486 2392 3563 gessit

1855 3571 2210 3642 corporatum
2238 3584 2343 3642 per
2367 3578 2642 3643 tempora.

1686 3642 1743 3700 d.
1785 3643 1838 3702 O
1864 3642 2010 3701 mira
2032 3641 2310 3722 genitura,

1868 3720 1920 3779 Ο
1942 3720 2220 3799 stupenda
2246 3719 2507 3779 nativitas
2531 3722 2546 3779 1

1689 3798 1747 3856 d.
1788 3799 1841 3858 O
1867 3797 2055 3935 proles
2080 3799 2338 3877 gloriosa,

1911 3886 2177 3935 umanata
2202 3877 2520 3935 Divinitas!

1690 3998 1714 4030 Θ
1749 4008 1863 4064 eap.
1889 3992 2004 4046 lxii.
2032 3993 2093 4046 B.
2123 3994 2192 4063 (v.
2225 3992 2307 4062 11,
2336 3993 2448 4063 12.)

1688 4062 1711 4100 f
1741 4081 1853 4135 cap.
1880 4062 1956 4117 iii.
1986 4062 2056 4134 (v,
2083 4062 2231 4134 4-7.)

1689 4143 1718 4181 8
1754 4134 1840 4188 Ps.
1867 4133 2022 4188 cxvii.
2051 4134 2248 4206 (cxviii.
2277 4133 2362 4203 26,
2389 4133 2474 4203 27,
2502 4133 2613 4205 23.)

1690 4204 1719 4242 ¹¹
1757 4205 1842 4257 Ps.
1870 4204 1990 4259 xcii.
2019 4204 2181 4276 (xciii.
2212 4205 2285 4276 1.)

1692 4313 1955 4385 Sequatur
1979 4314 2470 4384 Epistola—om.
