2975 5009
109 252 215 318 293

107 445 190 503 ego
224 445 397 484 coram
436 428 596 485 vobis
637 427 1014 507 interrogans,
1056 427 1268 487 nullam

107 523 289 561 causam
315 506 541 564 invenio
568 506 628 563 in
657 505 886 566 homine
915 508 1024 565 isto
1066 527 1141 566 ex
1181 507 1269 566 his

105 581 152 637 in
174 584 349 659 quibus
376 604 506 643 eum
535 585 819 643 accusatis.
931 586 1046 645 Sed
1086 606 1268 664 neque

105 659 352 719 Herodes:
383 682 514 720 nam
545 662 738 721 remisi
770 683 864 721 vos
890 665 961 721 ad
996 664 1173 738 illum,
1208 673 1268 724 et

106 757 204 796 ecoe
240 740 373 798 nihil
415 741 652 819 dignum
706 750 891 800 morte
941 752 1127 801 actum
1181 750 1268 801 est

105 817 159 873 ei.
228 818 599 878 Emendatum
619 840 756 898 ergo
783 820 941 878 illum
961 821 1266 879 dimittam.

106 914 164 950 m.
188 894 416 957 Necesse
455 908 645 956 autem
692 898 938 957 habebat
976 900 1266 958 dimittere

106 973 168 1030 eis
206 995 299 1052 per
339 977 490 1035 diem
538 976 745 1035 festum
786 998 980 1035 unum.
1060 977 1267 1036 Excla-

106 1055 247 1110 mavit
292 1065 484 1113 autem
540 1055 706 1112 simul
759 1056 1021 1114 universa
1077 1058 1264 1126 turba,

104 1129 291 1203 dicens;
323 1154 375 1190 α.
404 1132 564 1191 Tolle
591 1133 758 1205 hunc,
781 1142 840 1193 et
860 1134 1084 1193 dimitte
1102 1136 1265 1192 nobis

104 1207 396 1297 barrabam.
477 1233 554 1269 m.
597 1212 709 1280 Qui
746 1221 870 1271 erat
906 1221 1140 1291 propter
1177 1233 1264 1271 se-

104 1285 339 1347 d1tionem
377 1292 656 1367 quandam
689 1290 894 1349 iactam
934 1292 993 1348 in
1035 1291 1264 1349 civitate

101 1372 148 1421 et
189 1365 535 1427 homicidium
583 1368 783 1428 missus
837 1369 897 1426 in
951 1389 1254 1428 carcerem.

106 1441 288 1503 Iterum
329 1456 514 1506 autem
557 1445 772 1506 Pilatus
811 1445 1028 1506 locutus
1067 1455 1152 1506 est
1191 1448 1264 1505 ad

101 1539 191 1592 eos,
214 1523 396 1582 volens
421 1526 713 1584 dimittere
756 1526 797 1584 J
800 1546 974 1585 esum.
1058 1526 1147 1583 At
1180 1524 1262 1583 illi

101 1600 496 1673 succlamabant,
536 1605 823 1675 dicentes;
869 1624 923 1661 a.
961 1603 1261 1682 Crucifige,

100 1680 329 1767 crucifige
369 1703 515 1740 eum.
596 1702 671 1738 m.
703 1682 812 1741 Ille
853 1694 1044 1741 autem
1092 1682 1264 1740 tertio

99 1755 223 1844 dlxit
239 1761 304 1817 ad
336 1760 494 1831 illos3
525 1781 580 1818 a.
614 1760 769 1827 Quid
796 1762 948 1820 enim
973 1760 1104 1818 mali
1129 1758 1264 1818 fecit

100 1844 184 1893 iste
202 1839 223 1895 ἓ
242 1838 444 1896 nullam
473 1859 696 1896 causam
724 1841 923 1897 mortis
951 1838 1177 1897 invenio
1202 1838 1262 1895 in

97 1932 177 1970 eo:
201 1916 489 1995 corripiam
517 1936 655 1996 ergo
676 1916 853 1990 illum,
877 1926 935 1976 et
953 1918 1260 1975 dimittam.

99 2010 157 2047 m.
195 1994 275 2051 At
323 1995 407 2053 illi
452 1997 746 2055 instabant
787 1997 1006 2054 vocibus
1044 1995 1262 2073 magnis

97 2070 411 2144 postulantes
453 2083 520 2132 ut
558 2074 1024 2153 crucifigeretur:
1074 2082 1133 2131 et
1176 2073 1264 2129 in·

97 2147 414 2211 valescebant
452 2173 615 2212 voces
642 2173 856 2211 eorum.
940 2152 1019 2211 Et
1047 2151 1264 2210 Pilatus

95 2226 406 2315 adjudicavit
456 2231 585 2289 fieri
648 2231 981 2308 petitionem
1049 2250 1262 2288 eorum.

95 2302 300 2366 Dlmisit
350 2317 540 2368 autem
595 2309 704 2366 illis
747 2330 894 2381 eum,
951 2309 1048 2387 qui
1094 2327 1265 2385 prop-

94 2387 169 2470 ter
195 2383 550 2445 homicidium
591 2396 650 2446 et
685 2387 1021 2446 seditionem
1063 2387 1265 2444 missus

91 2459 252 2521 inerat
288 2465 346 2522 in
387 2486 686 2536 carcerem,
735 2486 903 2543 quem
950 2466 1260 2543 petebant3

90 2537 270 2598 Jesum
309 2564 440 2603 vero
480 2544 719 2603 tradidit
748 2544 1022 2603 voluntati
1049 2563 1262 2602 eorum.

90 2614 156 2707 Et
169 2638 287 2676 cum
306 2622 577 2681 ducerent
598 2643 748 2693 eum,
765 2621 1266 2701 apprehenderunt

88 2694 359 2758 Simonem
391 2702 675 2777 quendam
702 2701 1082 2777 Cyrenensem
1110 2701 1266 2759 veni-

88 2783 259 2834 entem
310 2780 381 2837 de
427 2778 588 2837 villa:
646 2787 705 2838 et
750 2780 1142 2858 imposuerunt
1180 2777 1264 2836 illi

86 2871 289 2914 crucem
316 2865 544 2936 portare
587 2866 714 2936 post
751 2858 794 2914 J
795 2878 970 2915 esum.
1054 2858 1265 2934 Seque—

88 2930 238 2990 batur
262 2946 451 2994 autem
478 2936 638 2994 illum
665 2935 846 2993 multa
870 2937 1035 2993 turba
1074 2934 1266 3013 populi

85 3016 137 3065 et
151 3011 463 3085 mulierum,
476 3034 603 3091 quae
618 3012 962 3093 plangebant
979 3022 1038 3071 et
1053 3012 1268 3071 lamen-

83 3089 333 3175 tabantur
378 3113 526 3151 eum.
607 3093 920 3152 Conversus
959 3100 1148 3151 autem
1195 3092 1268 3149 ad

84 3164 193 3223 illas
210 3168 251 3225 J
253 3189 391 3241 esus,
413 3171 596 3243 dixit3
627 3172 674 3228 b.
700 3170 866 3229 Filiae
887 3167 1265 3241 Hierusalem,

82 3244 244 3331 nolite
285 3248 420 3307 flere
461 3269 631 3329 super
673 3269 784 3320 me,
832 3249 931 3307 sed
971 3267 1139 3326 super
1169 3267 1266 3305 vos

85 3339 217 3398 lpsas
232 3325 365 3385 flete
385 3336 444 3386 et
458 3347 631 3407 super
658 3326 805 3385 filios
831 3335 1062 3384 vestros
1112 3325 1267 3392 Quo-

82 3401 223 3489 niam
293 3425 414 3463 ecce
468 3405 699 3464 venient
763 3405 884 3463 dies
945 3404 1007 3461 in
1067 3405 1268 3481 quibus

83 3477 262 3538 dicent
286 3503 297 3540 :
344 3483 539 3543 Beatae
565 3482 803 3555 steriles,
834 3492 893 3542 et
918 3490 1146 3540 ventres
1173 3481 1269 3558 qui

82 3573 183 3615 non
237 3569 573 3639 genuerunt,
629 3570 688 3620 et
749 3564 925 3620 ubera
975 3580 1102 3639 quae
1155 3579 1269 3617 non

78 3631 433 3699 lactaverunt.
540 3641 700 3698 Tunc
758 3640 1032 3718 incipient
1083 3638 1270 3696 dicere

82 3717 390 3777 montibus:
429 3718 632 3779 Cadite
661 3738 831 3796 super
868 3728 1001 3775 nos:
1025 3725 1084 3776 et
1117 3715 1271 3775 colli-

80 3790 206 3851 bus:
261 3795 498 3874 Operite
539 3816 656 3855 noe.
742 3796 892 3864 Quia
929 3797 976 3854 si
1017 3796 1076 3852 in
1107 3794 1270 3852 viridi

77 3866 224 3946 ligno
252 3873 374 3933 haec
399 3874 632 3947 faciunt,
673 3875 733 3932 in
772 3877 930 3934 arido
957 3875 1093 3952 quid
1120 3874 1270 3932 fiet?

76 3967 146 4006 m.
178 3952 544 4013 Ducebantur
570 3961 761 4011 autem
802 3962 861 4012 et
900 3952 995 4010 alii
1033 3951 1146 4009 duo
1172 3970 1273 4008 ne-

74 4046 240 4102 quam
273 4051 397 4088 cum
427 4052 511 4103 eo,
551 4040 616 4090 ut
642 4032 1124 4090 interficerentur.
1194 4030 1274 4088 Et

72 4116 368 4186 postquam
394 4118 673 4169 venerunt
698 4109 758 4166 in
784 4108 969 4168 locum
989 4110 1086 4186 qui
1113 4127 1273 4166 voca-

69 4195 161 4241 tur
186 4186 482 4260 Calvariae,
503 4189 582 4246 ibi
601 4188 1008 4246 crucifixerunt
1035 4207 1184 4259 eum,
1213 4194 1273 4245 et

66 4259 337 4336 latroneS,
376 4286 551 4324 unum
593 4286 628 4323 a
666 4266 888 4324 dextris
929 4276 990 4325 et
1029 4265 1271 4325 alterum

58 4384 80 4412 ⁸
122 4379 420 4434 offerebant
443 4380 703 4435 illi.-92.
732 4381 816 4437 98.
846 4382 929 4437 57.

64 4501 94 4533 ³*
130 4504 279 4557 inter
301 4502 827 4638 chorfuvnleZIGrad.

612 272 836 319 FERIA
871 271 1163 325 QUAR'PA
1199 274 1668 324 HEBDOMADIS
1701 273 2020 324 SANO'PAE.

2446 256 2576 321 294

1370 452 1405 490 a
1456 433 1714 490 sinistris.
1823 430 1866 489 J
1868 449 1992 490 esus
2056 436 2245 488 autem
2304 428 2526 487 dicebat
2554 448 2571 498 ς

1367 511 1415 567 b.
1447 510 1637 581 Pater,
1659 510 1884 568 dimitte
1905 507 2016 566 illis
2039 530 2052 567 :
2078 527 2190 565 non
2210 507 2362 564 enim
2385 508 2569 564 sciunt

1366 589 1503 665 quid
1517 588 1746 647 faciunt.
1790 609 1865 645 m.
1898 587 2229 644 Dividentes
2246 605 2378 643 vero
2400 585 2571 643 vesti·

1365 676 1559 726 menta
1575 668 1712 745 eiua,
1734 668 2011 725 miserunt
2028 673 2226 723 sortes,
2287 664 2368 722 Et
2383 664 2568 720 stabat

1367 745 1604 825 populus
1638 755 1960 823 expectanS‚
1989 751 2048 802 et
2067 742 2405 801 deridebant
2432 761 2562 799 eum

1363 825 1645 903 principes
1671 845 1799 882 cum
1837 824 1934 894 εἰς,
1963 822 2254 893 dicentes;
2296 841 2349 877 a.
2396 818 2563 877 Alios

1364 901 1542 961 salvos
1573 902 1723 974 fecit,
1753 923 1811 960 se
1838 900 2051 960 salvum
2092 898 2261 957 faciat
2287 899 2334 956 si
2361 897 2452 955 hic
2479 906 2567 956 est

1361 980 1622 1041 Christus
1666 982 1777 1040 Dei
1817 980 2043 1040 electus,
2122 998 2198 1036 m.
2236 975 2563 1035 Illudebant

1361 1069 1551 1117 autem
1607 1060 1659 1118 ei
1713 1068 1773 1118 et
1823 1058 2053 1128 militeS‚
2114 1056 2439 1115 accedentes
2506 1064 2566 1113 et

1361 1151 1579 1196 acetum
1607 1137 1951 1197 *offerentes
1977 1137 2079 1206 ei,⁸
2102 1136 2385 1206 dicentes;
2415 1154 2469 1191 a.
2502 1134 2564 1193 Si

1363 1226 1425 1275 tu
1467 1237 1527 1274 es
1567 1236 1674 1275 rex
1710 1216 2063 1286 Judaeorum,
2105 1212 2317 1271 salvum
2359 1220 2419 1271 te
2459 1212 2561 1270 fac.

1363 1316 1437 1353 m.
1479 1295 1623 1353 Erat
1664 1304 1854 1354 autem
1906 1292 2306 1371 superscriptio
2351 1292 2564 1383 scripta

1361 1394 1532 1452 super
1571 1394 1701 1433 eum
1742 1373 1949 1432 litteris
1988 1370 2203 1430 Graecis
2244 1379 2302 1428 et
2340 1370 2562 1428 Latinis

1362 1460 1421 1511 et
1448 1452 1780 1511 Hebraicis:
1826 1451 1941 1509 Hic
1963 1457 2049 1507 est
2074 1470 2180 1507 rex
2205 1447 2249 1506 J
2251 1449 2560 1505 udaeorum.

1362 1529 1529 1588 Unus
1581 1537 1773 1587 autem
1827 1529 1899 1588 de
1952 1527 2041 1585 his
2095 1526 2190 1604 qui
2236 1525 2563 1605 pendebant

1360 1608 1692 1679 latronibus,
1712 1606 2139 1685 blasphemabat
2160 1624 2307 1674 eum,
2330 1603 2523 1660 dicens
2542 1625 2559 1674 3

1362 1708 1416 1745 a.
1439 1688 1500 1747 Si
1519 1696 1583 1745 tu
1600 1707 1659 1746 es
1682 1685 1957 1756 ChristuS,
1979 1682 2192 1742 salvum
2209 1681 2294 1740 fac
2313 1683 2558 1759 teipsum

1362 1774 1421 1825 et
1462 1785 1581 1824 nos,
1664 1785 1739 1822 m.
1775 1762 2145 1841 Respondens
2185 1771 2375 1818 autem
2416 1758 2561 1818 alter

1360 1844 1690 1922 increpabat
1721 1863 1869 1913 eum,
1907 1840 2127 1911 dicens3
2171 1860 2225 1896 α.
2263 1837 2470 1915 Neque
2497 1845 2562 1895 tu

1361 1922 1529 1981 times
1551 1923 1757 1993 Deum,
1781 1920 1956 1997 quiin
1981 1918 2177 1977 eadem
2199 1916 2561 1975 damnatione

1363 2021 1421 2058 es
1441 2003 1464 2059 ἓ
1547 2002 1628 2060 Et
1644 2021 1743 2058 nos
1764 1998 1994 2076 quidem
2018 1997 2168 2076 juste
2192 2018 2208 2067 ;
2239 2015 2367 2052 nam
2389 1994 2563 2073 digna

1363 2078 1525 2138 iactis
1559 2080 1672 2138 reci
1714 2080 1893 2137 imus:
1943 2075 2034 2134 hic
2069 2096 2204 2134 vero
2242 2071 2388 2131 nihil
2426 2071 2562 2130 mali

1361 2158 1553 2235 gessit.
1582 2179 1655 2216 m.
1730 2157 1993 2215 tdicebat
2012 2156 2085 2213 ad
2106 2154 2150 2213 J
2151 2174 2335 2224 esun13
2365 2173 2418 2209 α.
2443 2151 2561 2209 Do-

1364 2236 1538 2307 mine,
1575 2243 1865 2294 memento
1905 2232 2036 2305 mei,
2084 2252 2212 2291 cum
2251 2230 2473 2290 veneris
2500 2229 2560 2286 in

1364 2334 1601 2393 regnum
1623 2323 1804 2371 tuum.
1885 2334 1960 2371 m.
1989 2312 2068 2372 Et
2087 2312 2237 2370 dixit
2257 2308 2339 2367 illi
2357 2308 2401 2367 J
2402 2329 2526 2367 esus
2546 2331 2560 2379 ;

1366 2393 1414 2449 b.
1445 2394 1641 2451 Amen
1667 2394 1793 2452 dico
1818 2392 1956 2451 tibi:
1985 2391 2176 2449 Hodie
2203 2408 2424 2447 mecum
2453 2387 2564 2446 eris

1365 2471 1422 2528 in
1450 2471 1726 2550 paradiso.
1807 2492 1883 2528 m.
1914 2471 2055 2528 Erat
2074 2476 2264 2527 autem
2283 2466 2404 2526 fere
2423 2466 2564 2524 hora

1363 2559 1543 2620 sexta,
1580 2558 1640 2608 et
1674 2550 1925 2609 tenebrae
1965 2546 2127 2606 factae
2166 2554 2299 2604 sunt
2338 2545 2398 2601 in
2435 2544 2562 2601 uni—

1363 2648 1583 2685 versam
1601 2636 1814 2685 terram
1841 2645 2015 2701 usque
2036 2627 2096 2683 in
2117 2625 2315 2682 horam
2333 2643 2559 2679 nonam.

1365 2706 1449 2764 Et
1478 2708 1799 2764 obscuratus
1826 2712 1912 2762 est
1937 2702 2037 2775 sol,
2066 2711 2126 2761 et
2150 2702 2337 2761 velum
2364 2700 2562 2779 templi

1363 2783 1594 2841 scissum
1623 2795 1709 2841 est
1734 2781 2002 2839 medium.

1441 2862 1525 2919 Et
1577 2881 1701 2918 cum
1754 2858 1964 2917 dixerit
2009 2858 2298 2928 diaconus,
2351 2854 2560 2912 Velum

1363 2938 1565 3017 templi
1581 2940 1808 2997 scissum
1831 2945 1934 3007 est,
1954 2933 2369 2994 velum*a‘nte‘’‘'
2384 2934 2563 2991 altare

1365 3018 1558 3076 cadere
1575 3017 1958 3095 permittatur.

1444 3097 1525 3155 Et
1551 3096 1798 3154 clamans
1828 3113 1958 3153 voce
1991 3111 2197 3170 magna
2234 3090 2405 3149 Jesus
2444 3090 2563 3159 ait;

1367 3174 1414 3231 b.
1445 3174 1635 3245 Pater,
1689 3174 1749 3230 in
1805 3192 2003 3230 manus
2056 3180 2181 3227 tuas
2233 3168 2566 3226 commendo

1365 3252 1627 3331 spiritum
1670 3272 1876 3311 meum.
1958 3271 2033 3307 m.
2064 3247 2143 3306 Et
2189 3248 2313 3305 haec
2350 3245 2564 3315 dicenS,

1365 3350 1466 3389 exs
1506 3330 1690 3387 iravit.

1511 3409 1565 3466 ic
1598 3410 1717 3486 flat
1760 3404 2067 3483 yenufleoeio
2106 3403 2339 3462 dicendo
2392 3402 2568 3462 Pater

1368 3495 1581 3545 noster.
1657 3488 1783 3545 Ave
1809 3486 2014 3544 Maria.
2095 3484 2169 3541 In
2197 3502 2397 3541 manus
2423 3489 2565 3539 tuas·

1450 3565 1672 3623 Videns
1691 3573 1881 3623 autem
1901 3562 2172 3623 Centurio
2187 3561 2335 3640 quod
2356 3560 2566 3617 factum

1368 3642 1572 3714 fuerat,
1679 3642 1978 3701 lorificavit
2053 3643 2259 3710 Deum,
2323 3638 2512 3696 dicens
2551 3658 2566 3708 ;

1371 3742 1426 3779 a.
1454 3720 1612 3780 Vere
1640 3664 1744 3778 iiic
1770 3720 1941 3779 homo
1961 3721 2148 3799 justus
2174 3725 2315 3778 erat.
2383 3737 2459 3773 m.
2488 3716 2569 3774 Et

1371 3800 1552 3858 omnis
1578 3801 1747 3858 turba
1771 3819 1965 3858 eorum
1995 3798 2092 3874 qui
2128 3795 2293 3856 simul
2331 3796 2570 3853 aderant

1370 3880 1441 3937 ad
1470 3877 1844 3956 spectaculum
1871 3876 2043 3948 istud,
2072 3884 2131 3935 et
2151 3875 2418 3933 videbant
2444 3893 2569 3951 quae

1372 3958 1608 4029 fiebant,
1644 3956 2026 4035 percutientes
2071 3962 2302 4033 pectora
2340 3972 2442 4011 sua
2480 3971 2572 4010 re-

1370 4037 1762 4095 vertebantur.
1844 4032 2086 4093 Stabant
2138 4041 2331 4090 autem
2379 4049 2575 4089 omnes

1372 4115 1494 4172 noti
1522 4114 1643 4192 ejus
1669 4134 1703 4171 a
1728 4113 1925 4191 longe:
1956 4120 2017 4170 et
2042 4109 2306 4169 mulieres
2332 4130 2460 4188 quae
2488 4128 2575 4168 se-

1371 4200 1516 4252 cutae
1535 4200 1695 4251 erant
1714 4212 1845 4251 eum
1862 4211 1897 4249 a
1915 4189 2153 4250 Galilaea
2168 4188 2571 4248 haecvidenteS.
