2975 5009
158 176 277 243 537

253 505 470 579 Feria
518 516 782 601 quarta
840 506 1164 597 Quamo-
1195 516 1360 577 tem·

150 632 415 701 porum
465 607 723 678 mensis
771 604 1206 700 Septembris.

236 704 345 761 Ad
382 702 656 762 Missam.
741 702 1056 779 Officium·

236 781 538 841 Exsultate
558 781 687 841 Deo
704 781 951 860 adjutori
972 788 1188 840 nostro:
1210 779 1365 858 jubi-

165 859 273 919 late
312 862 437 920 Deo
470 859 669 931 Jacob,
709 860 916 918 sumite
958 857 1235 938 psalmum
1272 857 1365 936 jo-

166 938 407 996 cundum
435 958 562 996 cum
605 938 866 997 cithara:
922 938 1107 997 canite
1139 937 1365 995 initium

167 1016 373 1075 mensis
400 1019 558 1088 tuba,
580 1017 711 1093 quia
771 1023 1082 1096 raeceptum
1104 1015 1165 1073 in
1190 1013 1371 1074 Israel

170 1104 289 1154 est:
332 1103 393 1153 et
410 1095 691 1172 judicium
779 1115 843 1154 eo
868 1094 1066 1153 Jacob.

242 1173 564 1231 Psazmus.b
782 1237 785 1240 v

233 1249 621 1305 Testimonium
653 1248 716 1302 in
748 1248 951 1321 Joseph
991 1247 1174 1321 posuit
1195 1246 1373 1301 illud:

168 1337 290 1376 cum
315 1319 487 1374 exiret
510 1322 577 1375 de
608 1325 752 1374 terra
775 1320 1018 1392 AEgypti.

246 1392 318 1450 N
311 1413 385 1450 οη
411 1392 627 1450 dicitur
652 1392 908 1449 ulterius.

251 1469 456 1529 Oratio
480 1471 602 1528 sim
640 1470 921 1529 Dominus
947 1468 1254 1540 vobiscum,
1281 1465 1378 1524 secl

174 1556 401 1606 tantum
427 1568 556 1606 cum
584 1548 849 1607 Oremus.

251 1626 478 1685 Oratio.

250 1704 663 1764 Misericordiae
689 1711 808 1763 tuae
845 1704 1134 1774 remediis,
1158 1720 1383 1779 quaesu-

178 1802 327 1855 muS,
378 1783 646 1854 Domine,
692 1781 966 1861 fragilitas
1021 1788 1216 1839 nostra
1254 1781 1387 1838 sub·

177 1861 342 1919 sistat
364 1882 379 1930 ;
407 1869 474 1919 ut
492 1881 620 1939 quae
639 1881 740 1920 sua
757 1861 1077 1920 conditione
1097 1859 1387 1929 atteritur,

177 1948 279 2030 tua
326 1937 628 1998 clementia
669 1947 984 2019 reparetur.
1095 1938 1212 1996 Per
1264 1935 1388 1995 Do-

179 2038 423 2075 minum.

257 2094 457 2154 Lectio
483 2094 668 2152 Amos
693 2095 1038 2173 Prophetae.⁰

273 2173 427 2231 Haec
478 2173 618 2231 dicit
672 2175 992 2247 Dominus3
1067 2170 1213 2231 Ecce
1267 2170 1391 2229 dies

181 2252 442 2323 veniunt,
465 2259 525 2310 et
551 2251 998 2331 comprehendet
1023 2260 1216 2309 arator
1243 2269 1389 2307 mes-

182 2348 393 2401 sorem,
450 2338 508 2389 et
572 2330 811 2389 calcator
876 2350 1001 2388 uvae
1063 2329 1391 2387 mittentem

183 2425 423 2468 semen:
466 2415 526 2468 et
564 2408 857 2467 stillabunt
896 2415 1118 2467 montes
1144 2405 1394 2464 dulcedi—

183 2507 344 2557 nem,
373 2496 432 2545 et
465 2507 660 2545 omnes
686 2486 853 2545 colles
878 2486 1017 2545 culti
1046 2494 1232 2545 erunt.
1314 2483 1395 2542 Et

183 2576 519 2622 convertam
574 2584 640 2622 ca
679 2565 960 2623 tivitatem
1031 2562 1221 2655 populi
1281 2562 1396 2619 mei

187 2640 414 2701 Israel:
475 2649 534 2698 et
584 2661 637 2699 se
679 2642 950 2700 ificabunt
1002 2642 1257 2699 civitates
1300 2639 1397 2697 de-

182 2730 391 2789 sertas,
414 2725 473 2777 et
497 2717 835 2777 habitabunt
861 2718 921 2775 in
950 2718 1057 2778 eis:
1102 2726 1161 2777 et
1181 2716 1398 2796 planta-

186 2801 339 2858 bunt
379 2796 590 2867 vineas,
618 2803 679 2855 et
717 2797 915 2855 bibent
947 2798 1141 2853 vinum
1168 2815 1400 2853 earum:

187 2885 249 2936 et
279 2875 496 2933 facient
523 2874 735 2946 hortm,
765 2885 825 2934 et
850 2875 1149 2933 comedent
1187 2873 1404 2931 fructus

189 2973 416 3014 eorum.
471 2952 552 3013 Et
578 2952 845 3033 plantabo
865 2973 958 3013 eos
978 2972 1148 3031 super
1164 2950 1404 3009 humum

192 3052 401 3092 suam:
469 3040 528 3090 et
574 3052 689 3091 non
736 3031 972 3091 evellam
1027 3051 1119 3090 eos
1146 3029 1296 3087 ultra
1334 3030 1408 3086 de

189 3120 359 3170 terra
377 3129 477 3167 sua
496 3130 667 3187 quam
694 3111 828 3171 dedi
849 3110 950 3182 eis,
972 3109 1112 3168 dicit
1128 3109 1408 3167 Dominus

197 3188 583 3265 omnipotens.

287 3263 595 3323 Gradale.<¹

272 3341 490 3412 Venite,
523 3342 639 3413 filii,
671 3342 855 3399 audite
891 3359 993 3413 me,
1021 3341 1270 3397 timorem
1308 3340 1413 3395 Do-

200 3412 351 3466 mini
374 3412 569 3468 docebo
596 3431 701 3470 vos.

216 3484 284 3538 V.
360 3484 614 3540 Accedite
648 3484 718 3538 ad
753 3499 874 3539 eum
903 3488 958 3538 et
991 3481 1416 3537 illuminamini:

202 3561 265 3609 et
288 3553 452 3607 facies
473 3561 664 3610 vestras
687 3572 799 3609 non
823 3554 1236 3609 confundentur.

293 3623 438 3682 Non
464 3634 748 3704 repetatur
782 3626 1055 3684 Gradale.

296 3702 419 3760 Hic
461 3704 677 3763 dicitur
718 3704 1000 3763 Dominus
1043 3704 1324 3764 vobiscum
1369 3710 1420 3761 et

215 3782 490 3841 Oremus.

296 3858 535 4010 3:323,
553 3956 892 4015 quaesumus,
909 3937 1179 4010 Domine,
1194 3934 1424 3995 familiae

217 4024 342 4075 tuae
379 4016 736 4095 supplicanti,
775 4024 840 4074 ut
881 4016 1019 4075 dum
1062 4037 1098 4076 a
1132 4017 1269 4075 cibis
1303 4034 1428 4074 cor-

219 4172 251 4202 a
289 4162 378 4216 Ps.
403 4162 553 4216 lxxx.
582 4162 774 4235 (lxxxi.
810 4163 954 4236 1-4.)

224 4235 255 4273 b
290 4233 363 4288 ib.
394 4233 465 4305 (v.
494 4233 582 4356 5ss

225 4315 253 4344 ⁰
288 4321 405 4374 cap.
431 4304 503 4356 ix.
585 4345 598 4357 .
626 4305 696 4375 (v.
726 4303 946 4375 13-15.)

227 4375 258 4412 ‘¹
297 4375 383 4427 Ps.
412 4374 599 4426 xxxiii.
628 4374 831 4445 (xxxiv.
862 4373 944 4440 ll,
973 4375 1049 4443 5.)

228 4456 255 4483 0
294 4462 407 4500 non
435 4445 638 4501 habent
663 4444 748 4498 92.
776 4444 857 4498 94.
889 4444 972 4500 97.
1001 4446 1084 4498 98.

433 191 654 240 ΙΡΕΒΙΑ
688 191 785 238 lv.
820 189 1167 244 QUATUOR
1197 187 1596 240 TEMPORUM
1629 188 1899 238 MENSIS
1931 186 2402 237 SEPTEMBRIS.

2553 170 2680 235 538

1475 345 1759 424 poralibus
1795 364 1855 403 se
1891 344 2205 415 abstinent,
2242 363 2277 400 a
2318 342 2471 401 vitiis
2508 349 2533 380 e
2548 360 2682 418 quo-

1474 443 1585 502 que
1602 437 1629 466 θ
1649 431 1845 483 mente
1868 423 2153 502 jejunent.
2211 422 2328 480 Per
2347 420 2681 479 Dominum.

1554 502 1677 560 Hic
1716 502 1988 559 dictentur
2013 498 2295 557 memoriae
2320 506 2604 557 consuetae.

1559 577 1754 638 Lectio
1783 579 1921 636 libri
1946 578 2192 636 Esdrae.¹

1544 658 1619 716 In
1636 659 1834 716 diebus
1849 657 1978 728 iuis,
1993 656 2383 733 congregatus
2400 660 2485 713 est
2504 653 2688 712 omnis

1482 736 1725 816 populus
1767 736 1925 813 quasi
1978 735 2067 792 vir
2107 753 2272 804 unus,
2324 733 2397 790 ad
2441 730 2688 812 plateam

1524 835 1611 873 uae
1668 823 1753 874 est
1804 822 1937 872 ante
1989 820 2212 892 portam
2259 830 2576 888 aquarum:
2633 820 2693 868 et

1482 834 1757 952 dixerunt
1810 892 2012 951 Esdrae
2063 891 2281 961 scribae,
2336 898 2404 947 ut
2457 888 2694 947 afferret

1483 970 1693 1029 librum
1715 969 1855 1050 legis
1873 969 2065 1048 Moysi
2082 988 2250 1046 quam
2272 967 2545 1046 praecepit
2572 966 2692 1024 Do-

1486 1050 1674 1107 minus
1696 1046 1913 1107 Israeli.
2025 1046 2248 1106 Attulit
2267 1054 2459 1105 autem
2481 1044 2693 1104 Esdras

1487 1127 1744 1187 sacerdos
1798 1127 2008 1185 librum
2070 1145 2257 1184 coram
2324 1122 2695 1182 multitudino

1486 1206 1740 1263 virorum
1777 1225 1842 1263 ac
1878 1203 2204 1275 mulierum,
2231 1203 2558 1281 cunctisque
2597 1201 2695 1280 qui

1489 1291 1757 1362 poterant
1828 1280 2171 1359 intelligere,
2239 1281 2300 1339 in
2361 1280 2456 1340 die
2507 1281 2698 1371 prima

1495 1362 1704 1419 mensis
1769 1359 2019 1495 sepgimi.
2142 1360 2221 1419 Et
2297 1358 2438 1437 legit
2502 1379 2564 1415 1n
2631 1378 2697 1417 eo

1495 1448 1694 1518 aperte
1717 1440 1776 1496 in
1807 1459 1844 1515 p
1902 1447 1995 1497 tea
2014 1457 2141 1514 quae
2162 1444 2286 1497 erat
2310 1445 2443 1496 ante
2472 1444 2696 1515 portam

1495 1537 1786 1607 aquarum,
1833 1536 1868 1573 a
1910 1536 2080 1574 mane
2119 1534 2296 1593 usque
2336 1516 2406 1573 ad
2449 1514 2698 1573 mediam

1496 1597 1669 1667 diem,
1696 1595 1757 1651 in
1794 1601 2093 1672 conspectu
2119 1595 2369 1652 virorum
2398 1613 2461 1651 ac
2499 1591 2699 1650 mulie-

1498 1693 1627 1732 rum
1670 1682 1730 1732 et
1768 1672 2108 1751 sapientium
2138 1690 2151 1728 τ
2204 1679 2265 1731 et
2305 1691 2469 1730 aures
2515 1671 2702 1729 omnis

1498 1750 1693 1832 populi
1709 1760 1876 1811 erant
1897 1758 2103 1809 erectae
2122 1750 2195 1807 ad
2215 1749 2444 1808 librum.
2525 1748 2703 1809 Stetit

1500 1843 1693 1889 autem
1745 1829 1956 1889 Esdras
2008 1827 2194 1887 scriba
2243 1848 2306 1885 su
2351 1848 2414 1886 er
2463 1828 2703 1906 gradum

1501 1908 1773 1987 ligneum,
1801 1926 1972 1984 quem
1997 1905 2209 1965 fecerat
2233 1906 2306 1964 ad
2426 1906 2701 1965 uendum:

1504 1997 1565 2046 et
1604 1994 1891 2046 steterunt
1921 1986 2094 2063 juxta
2132 2004 2280 2043 eum.
2415 1993 2440 2042 t
2480 1984 2705 2062 aperuit

1504 2064 1716 2124 Esdras
1769 2064 1978 2122 librum
2031 2082 2220 2121 coram
2270 2063 2425 2120 omni
2479 2060 2705 2142 populo,

1505 2151 1533 2185 ⁸
1544 2164 1713 2223 super
1728 2144 2054 2201 universum
2069 2141 2278 2233 quippe
2294 2139 2558 2220 populum
2569 2140 2709 2199 emi-

1507 2224 1724 2281 nebat:
1767 2229 1827 2280 et
1866 2241 1992 2279 cum
2031 2239 2066 2277 a
2104 2228 2343 2279 eruisset
2369 2239 2519 2289 eum,
2547 2218 2710 2279 stetit

1509 2300 1695 2358 omnis
1716 2319 1789 2378 po
1829 2298 1969 2358 ulus.
2093 2308 2120 2358 t
2140 2297 2437 2357 benedixit
2456 2296 2712 2356 Esdrass

1511 2378 1758 2436 Domino
1838 2399 1904 2437 eo
1924 2397 2057 2436 voce
2077 2397 2307 2454 magna:
2339 2384 2399 2436 et
2418 2375 2710 2455 respondit

1511 2456 1694 2513 omnis
1760 2455 1996 2535 populus
2032 2476 2049 2527 3
2123 2457 2312 2514 Amen
2346 2477 2360 2514 ε
2429 2453 2712 2514 elevantes

1510 2542 1704 2592 autem
1740 2552 1935 2592 omnes
1973 2553 2047 2611 po
2086 2533 2164 2591 uli
2204 2554 2403 2592 manus
2441 2552 2585 2604 suae,
2624 2533 2713 2589 in-

1512 2610 1727 2669 curvati
1753 2618 1888 2669 sunt
1913 2619 1973 2669 et
2086 2620 2389 2670 oraverunt
2423 2611 2449 2643 ¹²
2471 2611 2657 2670 Deum
2685 2609 2714 2642 ¹¹

1553 2689 1681 2745 roni
1729 2688 1790 2745 in
1836 2696 2070 2747 terram.
2153 2690 2335 2748 Porro
2373 2688 2594 2749 Levitae
2638 2688 2715 2747 si-

1513 2708 1756 2824 fentium
1791 2764 2070 2824 faciebant
2103 2765 2162 2823 in
2204 2765 2410 2845 populo
2446 2767 2520 2825 ad
2555 2767 2715 2826 audi-

1517 2842 1723 2902 endam
1744 2841 1958 2921 legem:
1987 2843 2226 2923 populus
2245 2854 2434 2903 autem
2451 2848 2638 2904 stabat
2653 2845 2714 2903 in

1517 2922 1697 3059 ffidu
1724 2940 1842 2979 suo.
1924 2922 2002 2979 Et
2027 2920 2288 2999 legerunt
2319 2923 2378 2979 in
2406 2921 2553 2982 libro
2577 2920 2719 3002 legis

1610 3000 1631 3056 i
1669 2999 1935 3057 distincte
1962 3007 2021 3058 et
2060 3007 2256 3076 aperte
2290 3001 2363 3058 ad
2396 3000 2718 3079 intelligen-

1521 3079 1689 3137 dum:
1734 3085 1794 3135 et
1831 3076 2236 3136 intellexerunt
2261 3098 2388 3135 cum
2414 3076 2719 3153 legeretur.

1525 3156 1695 3215 Dixit
1718 3164 1909 3214 autem
1937 3154 2205 3214 Neemias
2227 3164 2287 3214 et
2312 3156 2523 3215 Esdras
2542 3177 2721 3216 sacer-

1524 3236 1627 3293 dos
1646 3241 1707 3294 et
1725 3234 1929 3305 scriba,
1949 3242 2009 3292 et
2035 3232 2258 3292 Levitae
2277 3235 2722 3314 interpretantes

1526 3313 1787 3372 universo
1839 3311 2090 3391 populo;
2157 3311 2296 3371 Dies
2346 3313 2726 3372 sanctificatus

1528 3401 1616 3452 est
1657 3390 1908 3449 Domino
1940 3392 2060 3450 Deo
2086 3399 2298 3464 nostro,
2325 3390 2499 3450 nolite
2530 3391 2726 3471 lugere

1528 3480 1588 3530 et
1633 3469 1809 3529 nolite
1851 3469 2009 3529 flere.
2105 3469 2307 3530 Flebat
2346 3470 2500 3529 enim
2544 3472 2728 3530 omnis

1529 3548 1770 3629 populus
1796 3569 1924 3606 cum
1953 3547 2179 3608 audiret
2203 3551 2376 3609 verba
2411 3548 2569 3628 legiS.
2649 3552 2729 3611 Et

1529 3629 1681 3686 dixit
1707 3627 1826 3699 eis3
1869 3627 1961 3687 Ite
1989 3636 2046 3686 et
2072 3629 2350 3688 comedite
2388 3629 2641 3708 pinguia,
2669 3637 2729 3688 et

1533 3706 1710 3765 bibite
1751 3704 2014 3779 mulsum,
2061 3714 2120 3765 et
2162 3707 2376 3766 mittite
2419 3717 2612 3787 partes
2651 3709 2731 3766 eis

1535 3785 1632 3863 qui
1686 3803 1801 3842 non
1867 3794 2336 3861 praeparaverunt
2388 3786 2536 3844 sibi:
2603 3787 2736 3863 quia

1537 3869 1759 3919 sanctus
1784 3861 1905 3921 dies
1931 3861 2166 3920 Domini
2191 3871 2296 3935 est,
2319 3872 2379 3923 et
2403 3863 2578 3923 nolite
2603 3885 2736 3923 con-

1536 3938 1752 3997 tristari
1783 3957 1795 3995 ε
1849 3940 2118 4017 gaudium
2146 3941 2359 4001 etenim
2389 3942 2624 4001 Domini
2652 3952 2739 4003 est

1540 4015 1817 4074 fortitudo
1843 4029 2047 4075 vestra.

1543 4160 2092 4314 ‘5²26PJd-{b3NeemQ
2120 4181 2234 4235 cap.
2262 4163 2372 4219 viii.
2402 4165 2470 4220 A.
2509 4168 2580 4238 (v.
2623 4168 2741 4239 1-4,

1547 4313 1575 4352 s
1611 4309 1669 4357 et
1691 4301 2143 4358 benedixit—92.
2171 4302 2257 4359 97.
2285 4303 2368 4358 98.

1553 4375 1585 4412 ¹¹
1622 4392 1731 4430 non
1756 4374 1961 4428 habent
1984 4373 2070 4428 92.
2099 4374 2185 4430 97.
2213 4374 2297 4428 98.
