2975 5009
133 266 271 330 485
304 283 471 331 ΗΕΒ.
499 280 674 330 ros'r
703 282 768 330 n.
795 282 954 331 v111.
986 283 1175 332 Pos'r.
1204 284 1399 333 vrum.

133 448 255 511 tua,
304 439 530 499 abscide
577 437 775 499 illam:
838 441 1051 498 bonum
1100 447 1189 498 est
1240 441 1349 500 tibi

131 517 386 577 debilem
415 519 634 577 intrare
661 518 722 576 in
749 537 992 597 regnum
1024 519 1151 590 Dei,
1178 538 1347 655 qnam

132 596 276 654 duas
319 616 522 654 manus
565 595 873 655 habentem
911 597 995 655 ire
1030 596 1090 654 in
1131 618 1202 676 ge
1245 617 1346 656 en-

133 694 292 746 nam,
322 675 386 732 in
425 675 617 753 ignem
657 675 1194 754 inextinguibilem:
1250 677 1348 736 ubi

132 754 350 811 vermis
402 773 598 812 eorum
644 771 759 811 non
805 754 1049 812 moritur
1092 764 1153 814 et
1200 754 1346 834 ignis

132 851 250 889 non
319 832 699 909 extinguitur.
803 831 883 890 Et
948 833 996 891 si
1063 852 1163 913 pes
1215 842 1346 893 tuus

130 909 482 968 scandalizat
509 919 589 981 te,
614 920 850 988 amputa
876 908 1035 968 illum
1060 932 1075 969 ε
1132 913 1343 970 bonum

131 997 218 1047 est
274 988 384 1047 tibi
439 987 697 1046 claudum
751 987 992 1048 introire
1047 989 1110 1047 in
1166 990 1342 1048 vitam

130 1077 432 1139 aeternam,
460 1086 628 1144 quam
656 1066 798 1126 duos
832 1067 1005 1146 pedes
1035 1067 1340 1129 habentem

1668 283 1840 333 non.
1875 281 1973 330 lx,
2009 281 2183 331 Pos'r
2216 283 2415 330 vrum.
2545 267 2677 333 486

1462 439 1616 499 mitti
1657 441 1719 499 in
1762 438 2086 533 gehennam
2132 439 2282 517 ignis
2323 439 2674 531 inextingui-

1460 519 1588 579 bilis
1611 541 1626 579 :
1684 521 1784 578 ubi
1824 517 2032 577 vermis
2060 536 2254 577 eorum
2283 538 2398 575 non
2426 530 2672 577 moritur

1459 605 1520 657 et
1586 598 1734 677 ignis
1802 617 1916 654 non
1984 596 2359 676 extinguitur.
2476 597 2557 655 Et
2621 596 2671 655 si

1459 675 1651 735 oculus
1689 684 1819 734 tuus
1846 674 2191 733 scandalizat
2230 682 2308 746 te,
2338 693 2472 734 erue
2498 694 2627 733 eum
2652 696 2664 732 ε

1458 756 1672 813 bonum
1727 762 1815 813 est
1868 753 1977 812 tibi
2042 753 2258 813 luscum
2312 753 2553 811 introire
2605 754 2666 810 in

1457 853 1699 912 regnum
1747 833 1879 904 Dei,
1927 851 2096 909 quam
2143 833 2284 890 duos
2331 829 2517 890 oculos
2565 829 2667 888 ha-

1457 913 1690 971 bentem
1718 912 1873 970 mitti
1900 910 1964 968 in
1988 909 2311 990 gehennam
2340 909 2524 989 ignis:
2567 910 2663 969 ubi

1455 991 1666 1050 vermis
1712 1010 1907 1049 eorum
1950 1008 2066 1048 non
2109 989 2369 1062 moritur,
2413 995 2474 1048 et
2514 988 2662 1068 ignis

1456 1089 1572 1127 non
1601 1069 1977 1149 extinguitur.

692 1372 1081 1458 Dominica
1146 1387 1363 1459 Nona
1415 1400 1581 1482 post
1654 1388 2086 1460 Trinitatem.

203 1592 314 1651 Ad
340 1590 604 1652 Missam.
689 1590 998 1670 Officiwm.⁸

207 1672 362 1732 Ecce
392 1673 544 1730 Deus
569 1671 801 1750 adjuvat
829 1692 940 1742 me,
970 1681 1030 1732 et
1054 1672 1336 1732 Dominus

125 1759 422 1828 susceptor
442 1759 530 1808 est
552 1751 760 1808 animae
790 1771 950 1821 meae,
973 1761 1164 1810 averte
1187 1752 1336 1811 mala

127 1828 372 1886 inimicis
399 1828 575 1888 meis:
603 1838 679 1887 .et
717 1829 776 1886 in
805 1830 1043 1888 veritate
1083 1839 1184 1887 tua
1218 1830 1332 1889 dis·

124 1907 306 1986 perde
333 1905 478 1978 illos,
505 1916 791 1984 protector
818 1927 994 1979 meuS,
1022 1909 1290 1968 Domine.

199 1984 524 2042 Psalmus.''

192 2062 359 2128 Deus,
385 2061 445 2114 in
470 2060 690 2116 nomine
725 2066 819 2116 tuo
853 2062 1062 2118 salvum
1095 2080 1182 2117 me
1205 2064 1291 2119 fac
1317 2084 1329 2117 z

119 2137 178 2187 et
200 2132 264 2185 in
289 2132 494 2187 virtute
518 2138 615 2188 tua
637 2133 808 2188 libera
830 2150 931 2188 me.

204 2203 430 2263 Oratio·

196 2282 448 2360 Largire
486 2283 664 2353 nobis,
691 2302 1031 2359 quaesumuS,
1060 2283 1326 2356 Domine,

116 2380 351 2439 semper
390 2360 655 2439 spiritum
680 2362 965 2437 cogitandi
1004 2382 1132 2440 quae
1173 2372 1330 2421 recta

117 2451 273 2511 sunt,
301 2439 581 2518 propitius
608 2447 667 2498 et
703 2441 907 2517 agendi
931 2461 946 2510 ;
991 2450 1055 2498 ut
1081 2440 1178 2517 qui
1204 2441 1327 2500 sine

119 2528 174 2577 te
222 2539 351 2578 esse
398 2538 513 2576 non
558 2537 866 2595 possumus,
915 2518 1223 2576 secundum
1265 2528 1326 2577 te

119 2597 311 2656 vivere
340 2595 641 2655 valeamus.
723 2594 856 2653 Per.

194 2675 302 2733 Ad
332 2672 706 2734 Corinthios.⁶

194 2755 454 2821 FratreS,
482 2749 541 2805 N
546 2770 616 2806 on
657 2747 832 2806 simus
871 2747 1324 2825 concupiscentes

118 2833 419 2901 malorum,
467 2827 611 2887 sicut
663 2838 724 2887 et
770 2825 851 2883 illi
900 2825 1321 2905 concupierunt.

115 2910 323 2989 Neque
366 2907 624 2967 idolatrae
651 2904 990 2975 efficiamini,
1019 2904 1161 2962 sicut
1200 2906 1322 2982 qui-

114 2990 248 3049 dam
287 3009 364 3048 ex
411 2989 430 3045 i
473 2986 581 3045 sis:
636 2983 1109 3062 quemadmodum
1148 2983 1322 3062 scrip-

114 3076 239 3126 tum
269 3076 389 3127 est:
476 3065 598 3123 edit
631 3061 871 3143 populus
899 3061 1235 3122 manducare
1261 3071 1322 3122 et

115 3146 334 3218 bibere,
355 3152 412 3204 et
434 3154 808 3202 surrexerunt
825 3140 1039 3200 ludere.
1113 3140 1320 3218 Neque

112 3225 480 3294 fornicemur,
498 3222 640 3280 sicut
659 3221 888 3298 quidam
906 3219 1015 3277 exi
1057 3218 1129 3276 sis
1143 3217 1318 3277 forni-

111 3304 226 3362 cati
256 3311 411 3372 sunt,
432 3309 493 3360 et
517 3300 841 3358 ceciderunt
866 3317 979 3355 una
1042 3297 1090 3356 ‘e
1115 3298 1169 3355 vi
1214 3297 1321 3356 ‘nti

112 3382 231 3439 tria
266 3379 463 3438 millia.
548 3377 755 3456 Neque
795 3385 1082 3436 tentemus
1124 3375 1171 3436 C
1215 3377 1320 3435 ris·

113 3467 262 3532 tum,
297 3460 441 3516 sicut
461 3456 689 3536 quidam
713 3475 908 3516 eorum
931 3462 1319 3526 tentaverunt,

111 3549 175 3597 et
216 3559 255 3596 a
298 3536 655 3615 serpentibus
701 3535 1015 3612 perierunt.
1114 3531 1320 3610 Neque

113 3613 624 3685 murmuraveritis,
665 3613 808 3671 sicut
850 3611 1075 3689 quidam
1124 3630 1320 3670 eorum

111 3700 637 3762 murmuraverunt,
674 3700 735 3750 et
773 3692 1068 3768 perierunt
1106 3691 1178 3748 ab
1219 3710 1321 3748 ex·

111 3774 509 3832 ter-minatore.
612 3770 758 3827 Haec
797 3777 988 3827 autem
1028 3768 1220 3825 omnia
1257 3768 1317 3825 in

111 3851 303 3929 figura
333 3850 741 3925 contingebant
765 3845 898 3904 illis:
940 3846 1153 3924 scripta
1178 3845 1317 3903 ‘'au-

108 3940 235 3989 tem
300 3936 436 3988 sunt
507 3926 630 3985 haec
668 3922 699 3962 ‘¹
762 3925 837 3982 ad
899 3924 1315 4001 correptionem

108 4017 387 4079 nostram,
417 4007 476 4065 in
517 4025 656 4083 quos
687 4003 833 4061 fines
859 4002 1189 4062 saeculorum
1217 4002 1315 4060 de-

113 4096 413 4147 venerunt.
523 4084 722 4165 Itaque
777 4081 872 4158 qui
925 4102 984 4140 se
1029 4080 1317 4139 existimat

103 4303 135 4331 ε
178 4292 260 4376 rs.
287 4292 387 4347 nii.
417 4290 532 4364 (nv.
560 4289 609 4358 4,
638 4289 712 4360 5.)

105 4366 137 4403 b
178 4363 346 4491 lbagv.
378 4364 452 4435 1.)

103 4446 131 4473 ⁰
178 4435 203 4487 1
322 4434 441 4489 Gor.
468 4448 583 4503 cap.
608 4447 660 4484 x.
689 4429 750 4484 Β.
785 4429 856 4501 (v.
884 4427 1065 4497 6-13.)

101 4507 133 4544 ‘¹
176 4513 303 4562 sunt
360 4511 547 4559 autem
608 4499 898 4556 lma—97.
964 4498 1045 4552 15.
1132 4502 1316 4552 autem

547 4575 670 4638 31*

1447 1606 1619 1672 stare,
1647 1598 1834 1657 videat
1873 1616 1945 1655 ne
1984 1594 2168 1653 cadat.
2249 1592 2513 1652 'I'entatio
2552 1613 2651 1651 vos

1448 1696 1565 1735 non
1590 1674 2001 1756 apprehendat,
2022 1674 2133 1732 nisi
2158 1670 2432 1731 humana:
2463 1670 2649 1730 fidelis

1445 1764 1637 1815 autem
1681 1757 1834 1815 Deus
1861 1761 1966 1824 est,
1993 1752 2091 1830 qui
2121 1771 2235 1809 non
2275 1750 2523 1829 patietur
2551 1770 2648 1809 vos

1445 1835 1662 1894 tentari
1707 1853 1880 1912 supra
1925 1832 1984 1889 id
2036 1829 2187 1909 quod
2239 1829 2493 1920 potestiS,
2546 1828 2645 1886 sed

1444 1914 1613 1973 faciet
1656 1933 1784 1972 cum
1829 1910 2143 1970 tentatione
2182 1914 2355 1967 etiam
2404 1926 2646 1984 proven·

1443 2001 1590 2064 tum,
1615 2000 1681 2051 ut
1709 1991 1934 2071 possitis
1958 1989 2257 2048 sustinere.

1527 2071 1831 2129 Gradatae

1515 2148 1745 2203 Domine
1766 2146 2027 2202 Dominus
2044 2148 2226 2198 noster
2251 2161 2263 2195 :
2289 2157 2454 2212 quam
2472 2139 2638 2195 admi·

1441 2220 1612 2275 rabile
1630 2227 1710 2274 est
1733 2236 1931 2273 nomen
1950 2223 2108 2272 tuum
2127 2215 2188 2268 in
2214 2213 2465 2267 universa
2488 2218 2645 2268 terra.

1454 2290 1515 2344 V.
1613 2290 1880 2356 Quoniam
1905 2289 2114 2344 elevata
2136 2291 2218 2341 est
2241 2282 2648 2355 magnificentia

1440 2367 1540 2416 tua
1561 2377 1720 2433 super
1741 2360 1917 2416 coelos.

1511 2433 1784 2503 Alleluya.
1836 2431 1896 2486 V.
1969 2427 2254 2482 Exsultate
2272 2425 2384 2479 Deo
2407 2423 2642 2495 adjutori

1438 2509 1623 2558 nostro
1649 2524 1661 2556 ε
1679 2503 1915 2573 jubilate
1940 2501 2051 2554 Deo
2074 2499 2261 2566 Jacob,
2281 2496 2478 2550 sumite
2502 2495 2643 2568 psal·

1438 2591 1588 2626 mum
1607 2574 1909 2644 jocundum
1931 2588 2055 2626 cum
2079 2570 2302 2624 cithara.

1521 2644 1841 2703 Secundum
1867 2642 2133 2701 Lucam!

1520 2723 1594 2780 In
1621 2722 1721 2781 illo
1759 2732 2039 2800 tempore,
2068 2719 2235 2778 Dixit
2273 2718 2316 2776 J
2318 2736 2445 2777 esus
2471 2716 2639 2774 disci-

1436 2798 1584 2879 pulis
1636 2800 1749 2859 suis
1801 2798 2121 2877 parabolam
2176 2796 2321 2854 hanc
2358 2818 2375 2868 3
2444 2796 2641 2854 Homo

1435 2878 1666 2955 quidam
1707 2888 1833 2937 erat
1869 2878 2030 2936 dives
2068 2876 2163 2954 qui
2206 2875 2451 2933 habebat
2489 2873 2638 2931 villi-

1434 2976 1585 3027 cum,
1612 2965 1675 3015 et
1711 2955 1803 3015 hic
1829 2955 2155 3015 diffamatus
2181 2963 2269 3012 est
2293 2953 2443 3030 apud
2476 2952 2635 3011 illum

1432 3036 1594 3113 quasi
1658 3035 1983 3113 dissipasset
2047 3034 2197 3091 bona
2261 3032 2451 3111 ipsius.
2556 3031 2638 3090 Et

1432 3115 1651 3173 vocavit
1701 3114 1883 3184 illum,
1921 3121 1982 3171 et
2033 3110 2115 3169 ait
2154 3107 2268 3167 illi:
2331 3109 2481 3178 Quid
2530 3109 2636 3168 hoc

1431 3194 1599 3252 audio
1650 3194 1724 3253 de
1776 3195 1881 3252 te?
1934 3190 2109 3248 redde
2161 3189 2440 3247 rationem
2491 3188 2637 3248 villi-

1431 3272 1666 3331 cationis
1706 3281 1863 3330 tuae:
1919 3270 2041 3348 jam
2079 3265 2229 3325 enim
2275 3286 2388 3324 non
2424 3267 2637 3344 poteris

1432 3350 1699 3411 villicare.
1783 3349 1893 3408 Ait
1919 3356 2110 3406 autem
2133 3343 2345 3402 villicus
2372 3346 2527 3403 intra
2544 3367 2632 3405 se:

1436 3430 1591 3498 Quid
1613 3429 1833 3501 faciam,
1855 3428 1987 3506 quia
2002 3424 2261 3483 dominus
2280 3442 2435 3481 meus
2449 3425 2635 3484 aufert

1432 3530 1466 3567 a
1493 3530 1585 3569 me
1614 3505 2054 3567 villicationem?
2095 3500 2288 3561 fodere
2316 3521 2429 3559 non
2456 3502 2631 3575 valeo,

1433 3588 1754 3648 mendicare
1770 3588 2050 3646 erubesco.
2118 3580 2243 3640 Scio
2259 3579 2394 3657 quid
2411 3579 2633 3658 faciam,

1432 3674 1498 3724 ut
1540 3687 1667 3725 cum
1713 3673 1934 3725 amotus
1980 3661 2142 3719 fuero
2188 3679 2224 3716 a
2274 3657 2632 3732 villicatione,

1429 3745 1710 3824 recipiant
1736 3764 1826 3802 me
1854 3743 1914 3800 in
1940 3742 2135 3799 domos
2162 3756 2307 3796 suas.
2412 3736 2634 3796 Convo-

1429 3826 1569 3883 catis
1589 3825 1780 3900 itaque
1801 3819 2033 3899 singulis
2052 3815 2400 3876 debitoribus
2416 3815 2634 3875 domini

1428 3903 1534 3974 sui,
1582 3903 1805 3965 dicebat
1844 3900 2062 3978 primo:
2122 3895 2415 3963 Quantum
2459 3894 2633 3953 debes

1428 3980 1659 4039 domino
1686 3980 1846 4038 meo?
1932 3976 2019 4034 At
2044 3973 2139 4034 ille
2163 3973 2342 4033 dixit:
2383 3971 2630 4033 Centum

1428 4061 1594 4120 cados
1646 4058 1770 4117 olei.
1879 4054 2160 4131 Dixitque
2222 4051 2304 4112 illi
2333 4073 2345 4110 :
2416 4050 2637 4130 Accipe

1428 4277 1731 4335 sunt—92.
1759 4275 1844 4329 98.
1918 4279 2048 4327 sunt
2077 4271 2416 4325 autem—V.

1430 4362 1453 4388 Θ
1493 4350 1578 4403 Ps.
1606 4350 1718 4403 viii.
1747 4348 1844 4418 (1.)
1871 4345 2019 4397 lxxx.
2048 4342 2239 4412 (lxxxi.
2273 4342 2317 4411 l,
2345 4342 2421 4413 2.)

1430 4422 1449 4459 f
1495 4438 1608 4494 cap.
1636 4421 1742 4475 xvi.
1772 4419 1841 4471 A.
1870 4415 1942 4487 (v.
1974 4413 2117 4484 1-9.)
