2975 5009
146 213 274 278 285
412 228 633 276 rEmA
665 228 777 276 ιιι.

149 386 295 465 quod
316 394 445 444 erat
463 385 711 443 excisum
733 384 807 443 de
835 392 1015 462 petra,
1037 393 1096 443 et
1115 384 1363 443 advolvit

151 465 398 543 lapidem
428 465 499 521 ad
527 464 732 522 ostium
760 464 1134 521 monumenti.

236 542 654 618 offertorium.⁸

227 619 453 674 Custodi
477 636 579 688 me,
619 618 865 687 Domine,
893 618 960 673 de
983 634 1155 672 manu
1187 635 1367 689 pecca—

156 690 286 814 tlpris
302 710 325 772 ‚²
353 697 410 745 et
445 691 515 745 ab
539 688 852 745 hominibus
874 688 1076 759 iniquis
1099 690 1242 761 eripe
1265 706 1371 757 me,

212 778 406 815 omme.

173 832 235 886 V.
295 831 401 895 Qui
416 831 789 901 cogitaverunt
807 830 1154 902 supplantare
1167 846 1375 901 gressus

163 919 306 956 meos
355 921 369 954 t
418 901 816 955 absconderunt
861 901 1086 973 superbi·
1122 901 1375 971 laqueum

164 972 316 1026 mihi.

244 1044 484 1105 Secreta.

244 1124 470 1181 Dicatae
509 1121 616 1179 tibi
660 1120 862 1199 plebis,
907 1120 1171 1193 Domine,
1224 1139 1381 1199 quae·

167 1221 378 1271 sumne,
414 1200 732 1259 oblationes
758 1200 1046 1257 sanctifica
1074 1221 1089 1259 ε
1120 1207 1186 1258 ut
1205 1220 1240 1257 a
1265 1206 1382 1257 ter-

171 1300 327 1339 renae
341 1279 641 1337 vetustatis
661 1279 1083 1337 conversatione
1101 1275 1381 1348 mundati,

169 1357 411 1416 coelestis
465 1358 600 1415 vitae
640 1355 978 1435 profectibus
1030 1357 1384 1416 innovemur.

175 1434 287 1496 Per
313 1436 651 1493 Dominum.

250 1513 552 1590 PraefatiO.
638 1513 754 1580 Qui
782 1512 1059 1592 corporali
1080 1512 1317 1591 jejunio·

255 1591 648 1651 Communiab

247 1670 551 1722 Adversum
602 1686 690 1722 me
735 1669 1115 1723 exercebantur
1162 1667 1257 1737 qui
1312 1683 1393 1721 se·

175 1741 381 1795 debant
406 1739 466 1793 in
489 1744 649 1810 porta
674 1759 685 1793 :
711 1745 766 1792 et
790 1740 849 1792 in
869 1757 956 1793 me
972 1740 1274 1810 psallebant
1297 1738 1394 1807 qui

180 1812 440 1866 bibebant
487 1810 677 1864 vinum
708 1829 718 1861 :
769 1827 867 1881 ego
913 1827 1037 1865 vero
1096 1810 1394 1864 orationem

181 1899 352 1936 meam
369 1882 439 1934 ad
461 1887 528 1948 te,
552 1880 781 1933 Domine
803 1901 814 1933 z
842 1886 1054 1952 tempus
1073 1878 1395 1950 beneplaciti

182 1954 278 2020 tui,
319 1952 485 2021 Deus,
521 1951 585 2004 in
625 1951 981 2006 multitudine
1020 1951 1395 2006 misericordiae

181 2029 309 2077 tuae.

259 2093 739 2152 Postcom‘munio.

262 2171 521 2250 Repleti,
585 2172 853 2243 Domine,
929 2171 1067 2229 sacri
1145 2169 1398 2228 muneris

185 2251 393 2329 gratia,
440 2250 717 2328 supplices
763 2269 1100 2308 exoramus:
1154 2258 1221 2307 ut
1269 2268 1403 2326 quae

185 2340 357 2408 gustu
383 2348 660 2406 corporeo
696 2328 844 2385 dulci
872 2328 1237 2387 veneratione
1269 2347 1400 2384 con-

188 2408 458 2485 tigimus:
490 2406 740 2464 dulciora
765 2408 1053 2466 mentibus
1074 2406 1398 2466 sentiamus,

191 2486 306 2545 Per
334 2485 667 2543 Dominum.

271 2564 460 2640 Super
474 2563 771 2640 populum.

274 2641 593 2700 Humiliate
620 2642 805 2719 capita
831 2648 1022 2699 vestra
1047 2642 1188 2700 Deo,

279 2720 505 2778 Oratio,

277 2798 403 2856 Tua
441 2817 543 2855 nos
579 2796 981 2866 misericordia,
1024 2798 1195 2868 DeuS,
1238 2803 1295 2855 et
1334 2798 1409 2854 ab

200 2877 357 2935 omni
396 2876 752 2953 surreptione
792 2874 1089 2934 vetustatis
1129 2884 1410 2953 expurget

203 2969 262 3092 (ig,
312 2974 553 3035 capaces
595 2962 805 3013 sanctae
860 2954 1131 3013 novitatis
1181 2954 1407 3012 efficiat.

257 3055 337 3093 er.

304 3204 523 3278 Feria
573 3214 831 3298 quarta
867 3215 1058 3298 post.
1086 3205 1416 3276 Domini-

206 3332 364 3378 cam
399 3307 482 3377 in
516 3306 775 3375 Hamis
807 3306 1258 3376 Palinurum.

281 3404 387 3461 Ad
413 3402 682 3459 Missam.
766 3400 1070 3479 Officium.0

285 3483 361 3540 In
432 3481 665 3538 nomine
732 3480 964 3538 Domini
1032 3500 1200 3538 omne
1263 3500 1416 3559 genu

210 3560 512 3620 flectatur:
567 3559 894 3630 coelestium,
949 3559 1306 3617 terrestrium
1360 3567 1419 3618 et

209 3638 599 3698 infernorum:
646 3638 778 3715 quia
815 3637 1095 3695 Dominus
1129 3635 1307 3695 factus
1333 3646 1421 3696 est

211 3718 482 3776 obediens
528 3734 704 3792 usque
750 3716 824 3773 ad
869 3723 1132 3785 mortem,
1175 3725 1419 3774 mortem

210 3804 406 3855 autem
459 3794 667 3851 crucis:
724 3794 853 3852 ideo
904 3793 1184 3851 Dominus
1250 3794 1421 3853 Jesus

211 3873 479 3933 Christus
507 3873 567 3929 in
595 3871 777 3948 gloria
803 3880 890 3931 est
918 3872 1028 3931 Dei
1058 3871 1260 3930 Patris.

291 3948 620 4011 Psalmus.‘¹

281 4028 531 4096 Domine,
570 4028 767 4082 exaudi
799 4026 1094 4081 orationem
1130 4045 1304 4082 meam
1335 4048 1346 4081 :
1373 4036 1429 4085 et

208 4100 421 4156 clamor
438 4115 592 4153 meus
614 4100 688 4153 ad
706 4105 761 4153 te
785 4099 1011 4154 veniat.<³

213 4257 242 4287 ⁸
279 4249 370 4303 Ps.
398 4247 614 4302 cxxxix.
643 4246 765 4317 (cxl.
793 4247 843 4315 4,
871 4248 948 4316 5.)

212 4321 242 4359 b
285 4320 373 4373 Ps.
402 4319 572 4372 lxviii.
603 4319 756 4388 (lxix.
787 4319 869 4387 12,
900 4319 1010 4389 13.)

217 4402 242 4429 ⁰
286 4390 428 4444 Phil.
457 4407 571 4461 cap.
600 4390 655 4443 ii.
685 4388 794 4465 (102
820 4390 870 4458 8,
900 4389 1011 4461 ll.)

217 4464 247 4500 ‘¹
289 4462 376 4517 Ps.
406 4460 470 4515 ci.
500 4459 609 4533 (cii.
639 4458 714 4530 1.)

1018 224 1485 274 HEBDOMADAE
1533 224 1859 274 sANoTAE.

2061 223 2283 273 rema
2317 224 2418 273 ιν.
2555 208 2687 274 286

1558 381 1846 460 Sequatur
1885 379 2087 438 Oratio
2122 381 2244 439 sine
2275 382 2556 440 Dominus
2586 401 2685 439 vo-

1475 461 1694 521 biscum
1747 459 1841 517 sed
1885 466 2107 517 tantum
2158 480 2285 517 cum
2343 461 2588 520 Oremus
2634 470 2692 517 et

1478 541 1802 599 Flectamus
1829 558 2033 617 genua.
2117 538 2352 599 Levate.

1563 616 1785 677 Oratio,

1569 698 1816 766 Praesta,
1877 714 2242 785 ‘quaesumua
2332 695 2696 774 omnipotens

1482 776 1658 846 Deus,
1692 782 1758 831 ut
1796 792 1894 851 qul
1934 774 2144 831 nostris
2170 775 2491 832 excessibus
2517 775 2698 831 inces-

1488 864 1689 913 santer
1726 852 2073 929 affligimur;
2108 872 2215 930 per
2271 852 2568 932 Unigeniti
2609 852 2694 911 tui

1486 933 1803 1013 passionem
1829 930 2154 989 liberemur.
2226 931 2342 998 Qui
2368 942 2575 989 tecum.

1567 1010 1762 1068 Lectio
1787 1009 1986 1066 Esaiae
2011 1009 2354 1086 Propheta>ss

1570 1089 1717 1147 Haec
1760 1088 1901 1145 dicit
1952 1088 2232 1146 Dominus
2274 1091 2466 1159 Deus;
2512 1086 2702 1146 Dicite

1493 1168 1631 1226 filiae
1658 1166 1827 1225 Sion:
1879 1166 2025 1225 Ecce
2052 1166 2297 1225 salvator
2337 1175 2468 1224 tuus
2508 1166 2702 1226 venit:

1495 1266 1619 1306 eece
1647 1264 1861 1303 merces
1888 1245 2009 1321 ejus
2034 1265 2162 1302 cum
2193 1265 2277 1316 eo,
2306 1253 2367 1304 et
2386 1263 2525 1324 opus
2551 1243 2708 1303 illius

1495 1344 1682 1384 coram
1710 1322 1830 1381 illo.
1895 1336 1923 1375 8
1946 1322 2089 1389 Quis
2129 1332 2219 1382 est
2256 1324 2382 1396 iste,
2412 1323 2509 1400 qui
2550 1324 2707 1381 venit

1496 1404 1572 1462 de
1611 1402 1818 1471 Edo'm,
1862 1400 2056 1459 tinctis
2094 1401 2340 1459 vestibus
2375 1402 2446 1459 de
2483 1400 2660 1459 Bosra
2680 1402 2708 1460 3

1495 1482 1601 1539 iste
1629 1480 1904 1538 formosus
1929 1478 1991 1534 in
2027 1478 2172 1536 stola
2202 1500 2319 1550 sua,
2352 1479 2616 1557 gradiens
2646 1478 2707 1536 in

1500 1556 1870 1617 multitudine
1898 1554 2243 1615 fortitudinis
2269 1578 2403 1615 suae.
2453 1557 2580 1634 Ego
2610 1557 2710 1635 qui

1499 1637 1698 1713 loquor
1704 1634 2004 1713 justitiam,
2018 1642 2078 1692 et
2092 1643 2478 1713 propugnator
2494 1655 2621 1692 sum
2635 1634 2712 1692 ad

1502 1714 1850 1774 salvandum.
1936 1712 2130 1779 Quare
2168 1733 2307 1792 ergo
2351 1714 2587 1771 rubrum
2624 1721 2714 1771 est

1503 1794 1901 1852 indumentum
1942 1798 2124 1861 tuum,
2154 1799 2213 1850 et
2238 1792 2580 1849 vestimenta
2612 1799 2716 1849 tua

1504 1872 1649 1930 sicut
1664 1870 1996 1929 calcantium
2015 1870 2074 1926 in
2091 1870 2359 1928 torculari
2378 1872 2401 1928 ’ἔ
2443 1868 2715 1927 Torcular

1505 1950 1708 2009 calcavi
1746 1948 1909 2020 solus,
1949 1956 2008 2007 et
2046 1949 2124 2006 de
2164 1948 2446 2007 Gentibus
2486 1968 2600 2005 non
2627 1956 2717 2007 est

1510 2030 1595 2087 vir
1624 2048 1841 2086 mecum
1867 2049 1880 2086 ε
1909 2026 2118 2085 calcavi
2142 2048 2233 2085 eos
2260 2027 2324 2084 in
2349 2027 2538 2085 furore
2567 2046 2715 2099 meo,

1510 2114 1570 2166 et
1589 2104 1903 2165 conculcavi
1931 2125 2028 2164 eos
2051 2106 2111 2162 in
2138 2106 2226 2163 ira
2247 2126 2410 2165 mea:
2439 2114 2499 2164 et
2524 2125 2718 2183 asper-

1511 2205 1601 2244 sus
1630 2194 1715 2243 est
1734 2186 1962 2262 sanguis
1978 2204 2172 2242 eorum
2189 2205 2358 2262 super
2380 2184 2719 2243 vestimenta

1512 2284 1654 2333 mea,
1709 2271 1767 2320 et
1822 2263 2011 2321 omnia
2055 2264 2390 2321 indumenta
2447 2283 2577 2321 mea
2628 2263 2720 2319 in-

1512 2341 1754 2418 quinavi.
1819 2341 1957 2399 Dies
1991 2341 2143 2400 enim
2186 2340 2413 2399 ultionis
2452 2340 2512 2398 in
2548 2341 2718 2399 corde

1514 2440 1660 2489 mee,
1701 2440 1884 2477 annus
1921 2420 2310 2479 retributionis
2357 2441 2501 2479 meae
2541 2420 2722 2478 venit.

1518 2498 1928 2574 Circumspexi‚
1966 2506 2026 2555 et
2065 2519 2178 2555 non
2219 2509 2342 2556 erat
2380 2497 2719 2557 auxiliator:

1516 2576 1768 2653 quaesivi,
1797 2585 1856 2633 et
1883 2595 1998 2632 non
2022 2575 2131 2634 fuit
2157 2576 2253 2652 qui
2293 2577 2589 2653 adjuvaret
2616 2599 2632 2635 :
2662 2583 2724 2634 et

1518 2654 1754 2712 salvavit
1787 2653 1930 2711 mihi
1968 2655 2256 2711 brachium
2296 2675 2510 2726 meum,
2545 2663 2603 2713 et
2635 2654 2721 2710 in-

1517 2732 1770 2808 dignatio
1809 2751 1938 2789 mea
1968 2733 2091 2809 ipsa
2127 2731 2397 2790 auxiliata
2435 2742 2524 2791 est
2560 2732 2720 2790 mihi.

1521 2811 1599 2868 Et
1624 2808 1937 2867 conculcavi
1976 2808 2208 2887 populos
2248 2810 2308 2866 in
2348 2809 2538 2870 furore
2574 2830 2724 2881 meo,

1522 2900 1581 2946 et
1620 2887 1893 2945 inebriavi
1920 2907 2014 2945 eos
2049 2887 2440 2966 indignatione
2477 2910 2626 2960 mea,
2665 2898 2724 2948 et

1521 2965 1746 3024 detraxi
1800 2965 1861 3022 in
1913 2972 2128 3023 terram
2181 2965 2454 3025 virtutem
2508 2988 2726 3026 eorum.

1523 3043 1960 3103 Miserationum
1979 3043 2213 3101 Domini
2234 3046 2590 3117 recordabor,
2606 3045 2727 3104 lau·

1524 3123 1656 3181 dem
1697 3122 1931 3180 Domini
1955 3122 2320 3193 annuntiab0‚
2346 3143 2517 3213 super
2542 3125 2728 3182 omni-

1525 3203 1775 3336 bustquee
1799 3201 2049 3259 reddidit
2076 3200 2237 3258 nobis
2265 3201 2545 3260 Dominus
2568 3202 2732 3262 Deus

1527 3299 1626 3337 nos
1654 3299 1736 3338 er.

1616 3355 1919 3414 Gradalek

1600 3434 1683 3488 Ne
1706 3441 1918 3488 avertas
1938 3433 2126 3487 faciem
2164 3438 2316 3488 tuam
2339 3452 2374 3489 a
2396 3452 2559 3506 puero
2594 3440 2690 3490 tuo
2715 3455 2728 3489 :

1530 3504 1787 3575 quoniam
1813 3505 2041 3558 tribulor
2066 3505 2314 3559 velociter
2336 3507 2531 3560 exaudi
2556 3523 2657 3560 me.

1543 3576 1602 3629 V.
1677 3575 1898 3629 Salvum
1946 3593 2031 3629 me
2077 3575 2175 3644 fac,
2227 3576 2373 3630 Deus
2414 3597 2424 3629 :
2475 3577 2731 3647 quoniam

1530 3647 1873 3700 intraverunt
1931 3663 2087 3715 aquae
2146 3664 2313 3715 usque
2371 3648 2438 3701 ad
2492 3648 2730 3701 animam

1533 3735 1705 3770 meam
1726 3736 1737 3782 ;
1764 3717 1964 3769 infixus
1982 3734 2100 3770 sum
2125 3715 2184 3768 in
2209 3717 2339 3771 limo
2362 3718 2613 3789 profundi
2641 3738 2652 3770 ε
2679 3724 2734 3773 et

1533 3805 1642 3842 non
1668 3793 1748 3841 est
1770 3787 2086 3841 substantia.

1619 3858 1898 3935 Sequatur
1935 3858 2213 3916 Dominus
2242 3859 2543 3932 vobiscum,
2590 3860 2736 3920 Ore-

1536 3936 2074 4074 mugqegtfflectamus
2099 3958 2299 4016 genua.
2383 3938 2613 3997 Levate.

1616 4095 1786 4166 Dente,
1829 4092 1925 4171 qui
1963 4113 2069 4173 pro
2109 4094 2268 4153 nobis
2313 4094 2522 4153 Filium
2573 4107 2737 4157 tuum

1538 4259 1562 4287 e
1599 4266 1708 4302 non
1733 4246 1931 4301 dicitur
1954 4248 2139 4303 Gloria
2164 4248 2490 4309 Patri—15.
2518 4252 2604 4309 26.

1537 4319 1558 4357 ἲ
1589 4337 1701 4389 cap.
1729 4317 1841 4370 lxii.
1872 4318 1933 4371 D.
1963 4319 2032 4389 (v.
2063 4320 2171 4390 11.)

1536 4387 1884 4513 zm,
1901 4389 2070 4529 <ez
2097 4390 2238 4529 {J}-
2282 4459 2358 4530 2,
