2975 5009
306 228 391 296 27
849 243 1217 296 nomch
1248 242 1520 293 marm
1551 241 1939 294 Anvssrus
1967 243 2254 295 nomm.
2750 229 2835 294 28

885 488 1271 562 Dominica
1301 488 1504 560 tertia
1538 486 1894 561 Adventus
1925 488 2247 561 Domini.

383 634 487 693 Ad
510 635 772 695 Missam
860 637 1171 713 Officium·

382 714 638 775 Gaudete
666 716 728 773 in
748 715 995 774 Domino
1013 735 1240 794 semper
1263 714 1511 773 :iterum

303 793 449 866 dice,
487 795 746 873 gaudete.
824 793 1111 853 Modestia
1148 801 1336 852 vestra
1373 799 1513 850 nota

301 872 377 931 sit
443 871 701 931 omnibus
775 869 1098 930 hominibus
1126 893 1140 930 :
1225 869 1509 929 Dominus

304 970 479 1028 prope
506 958 609 1009 est.
691 948 861 1009 Nihil
886 948 1110 1009 solliciti
1134 949 1281 1009 sitis:
1318 949 1418 1007 sed
1445 948 1508 1006 in

305 1028 461 1086 omni
507 1028 758 1087 oratione
851 1027 1112 1088 etitiones
1164 1034 1369 1088 vestrae
1420 1027 1509 1085 in-

302 1114 593 1165 notescant
617 1108 767 1185 apud
853 1126 999 1166 eum.

384 1182 700 1242 Psalmus.¹’

374 1259 448 1314 Et
494 1279 602 1332 pax
649 1261 748 1315 Dei
795 1274 920 1331 quae
967 1264 1251 1333 exsuperat
1290 1275 1507 1313 omnem

301 1348 520 1385 sensum
556 1352 568 1384 z
602 1332 868 1387 custodiat
890 1333 1047 1389 corda
1071 1337 1247 1387 vestra
1268 1335 1324 1385 et
1345 1328 1506 1385 intel-

303 1400 555 1472 ligentias
577 1409 823 1458 vostrast*

385 1473 604 1533 Oratio,

379 1551 597 1611 Aurem
641 1559 822 1624 tuam,
861 1571 1197 1631 quaesumus,
1235 1549 1505 1623 Domine,

301 1631 560 1708 precibus
579 1631 787 1690 nostris
807 1633 1184 1691 accommoda:
1215 1640 1275 1690 et
1294 1629 1502 1688 mentis

300 1715 510 1767 nostrae
529 1712 794 1769 tenebras
818 1712 1003 1791 gratia
1025 1718 1143 1770 tuse
1167 1707 1501 1768 visitationis

299 1786 535 1845 illustra.
617 1788 730 1857 Qui
755 1790 914 1848 vivis·

375 1864 478 1922 Ad
508 1862 873 1925 G'om‘nthiosfl

374 1944 622 2016 FratreS,
652 1945 745 2004 Sic
777 1965 880 2004 nos
907 1942 1197 2003 existimet
1235 1941 1407 2000 homo
1432 1947 1499 1999 ut

294 2022 579 2080 ministros
589 2022 801 2081 Christi
815 2030 874 2083 et
883 2022 1293 2101 dispensatores
1302 2018 1498 2076 minis-

291 2100 564 2157 teriorum
586 2100 714 2159 Dei.
782 2101 898 2159 Hic
906 2102 1031 2178 jam
1058 2099 1330 2178 quaeritur
1344 2098 1497 2156 inter

287 2177 375 2235 dis
417 2186 715 2252 ensatorae,
731 2186 797 2237 ut
812 2178 998 2238 fidelis
1013 2180 1138 2256 quis
1153 2177 1492 2236 inveniatur.

289 2255 377 2313 Mi
421 2256 650 2316 iautem
679 2275 782 2336 pro
808 2258 1045 2315 minimo
1072 2264 1158 2315 est
1181 2264 1248 2313 ut
1274 2276 1309 2313 a
1334 2254 1492 2314 vobis

286 2333 519 2412 judicer,
547 2344 644 2393 aut
662 2338 733 2394 ab
752 2336 1000 2394 humano
1024 2335 1116 2394 die
1134 2356 1153 2395 ς
1183 2334 1283 2393 sed
1308 2351 1492 2410 neque

290 2412 568 2491 meipsum
616 2413 820 2492 judico.
927 2412 1096 2471 Nihil
1151 2412 1303 2471 enim
1348 2408 1490 2468 mihi

287 2490 535 2549 conscius
574 2511 733 2553 sum:
788 2492 887 2551 sed
928 2512 1040 2550 non
1067 2492 1128 2549 in
1154 2489 1261 2549 hoc
1278 2487 1490 2568 justifi-

285 2576 441 2627 catus
485 2589 609 2626 sum
639 2593 653 2630 ε
721 2571 815 2648 qui
870 2579 1061 2629 autem
1105 2570 1324 2648 judicat
1376 2587 1487 2638 me,

284 2646 566 2705 Dominus
633 2657 737 2707 est.
845 2649 1047 2727 Itaque
1113 2648 1288 2707 nolite
1353 2653 1489 2704 ante

281 2731 507 2803 tempus
556 2726 823 2804 judicare,
884 2726 1241 2805 quoadusque
1294 2723 1485 2783 veniat

283 2802 595 2865 Dominus:
624 2805 720 2883 qui
748 2813 806 2865 et
832 2804 1172 2863 illuminabit
1199 2801 1486 2863 abscondi-

278 2885 737 2957 tatenebrarum‚
766 2892 826 2943 et
852 2882 1231 2944 manifestabit
1255 2880 1486 2941 consilia

281 2960 565 3023 cordium:
620 2971 680 3022 et
718 2971 854 3022 tunc
891 2962 1010 3023 laus
1051 2963 1162 3023 erit
1186 2959 1482 3038 unicuique

278 3058 314 3095 a
339 3038 479 3097 Deo.

363 3115 634 3176 Gradale.

346 3192 455 3256 Qui
492 3195 654 3264 sedes,
700 3194 942 3264 Domine,
983 3211 1142 3266 super
1187 3192 1476 3264 Cherubin,

278 3264 454 3317 excita
474 3265 771 3346 potentiam
795 3271 947 3320 tuam
970 3272 1027 3320 et
1048 3265 1218 3320 veni.e

289 3334 351 3388 V.
403 3334 507 3399 Qui
523 3336 663 3406 regis
680 3335 858 3405 Israel,
880 3335 1123 3402 intende3
1150 3334 1246 3405 qui
1264 3334 1481 3389 deducis

277 3403 426 3458 velut
449 3422 599 3459 ovem
623 3406 662 3458 J
665 3405 842 3477 oseph.
915 3406 1188 3477 Alleluya.

289 3474 349 3528 V.
420 3474 626 3544 Excita‚
678 3475 919 3544 Domine,
970 3476 1266 3548 potentiam
1307 3480 1474 3544 tuam,

275 3549 331 3598 et
353 3545 478 3599 veni
502 3551 566 3598 ut
588 3546 758 3601 salvos
781 3545 943 3602 facias
966 3564 1078 3602 nos.

359 3614 676 3693 Sequentia.

276 3713 332 3752 a.
359 3693 472 3762 Qui
498 3696 646 3774 regis
670 3716 800 3774 scep
817 3730 841 3743 -
859 3695 936 3753 b.-
952 3703 1045 3755 tra
1066 3695 1155 3756 for
1169 3728 1195 3741 ·
1210 3716 1285 3754 c.-
1303 3696 1346 3755 ti

359 3772 567 3831 dextra
591 3774 738 3833 solus
762 3782 981 3846 cuncta,

275 3869 331 3907 α.
361 3850 449 3909 Tu
481 3849 631 3929 plebi
657 3861 721 3912 tu
739 3886 765 3898 -
780 3853 868 3911 d.-
883 3873 976 3910 am
1004 3852 1239 3911 ostende

359 3949 622 4008 magnam
645 3951 717 3989 ex
736 3964 762 3976 -
777 3951 852 3990 c.-
868 3931 1092 3990 citando
1118 3929 1449 4008 potentiam.

271 4027 316 4064 c.
361 4007 582 4067 Praesta
605 4007 688 4066 illi
713 4011 863 4068 dona
886 4009 1168 4083 salutaria,

270 4154 300 4183 ⁸
336 4145 476 4202 Phil.
504 4148 572 4203 iv.
600 4149 670 4204 A.
699 4150 771 4221 (v.
797 4151 945 4224 4-6.)

269 4216 299 4255 b
334 4217 559 4273 V.-98.
589 4220 672 4276 15.
698 4222 784 4277 26.

269 4296 293 4326 ⁰
330 4290 528 4360 eodem,
554 4308 603 4345 v.
633 4294 680 4348 7.

268 4357 298 4395 ‘¹
338 4358 365 4411 l
392 4359 508 4415 Cor.
534 4361 604 4417 ir.
627 4364 696 4418 A.
725 4363 795 4435 (v.
825 4363 969 4435 1-5.)

268 4438 294 4466 e
330 4429 416 4485 Ps.
443 4430 608 4488 lxxix.
636 4441 691 4490 et
714 4435 897 4490 omnia
918 4434 1063 4490 infra
1086 4434 1255 4506 (lxxx.
1284 4432 1332 4502 1,
1359 4431 1436 4502 2.)

1606 634 1662 711 sl
1714 634 1902 726 Quem
1925 635 2321 714 praedixerunt
2345 633 2676 714 prophetica
2695 636 2831 695 vati-

1708 734 1871 772 eima.

1620 811 1675 867 9.
1703 791 1762 850 A
1786 791 1937 849 clara
1963 790 2078 869 poli
2103 789 2281 870 regia,

1619 869 1676 928 1».
1703 869 1777 927 In
1806 879 2016 941 nostra,
2038 870 2081 927 J
2083 889 2198 940 esu,
2219 867 2369 939 veni,
2389 867 2655 944 Domine,
2675 890 2829 930 arva.

1696 946 2019 1006 Secundum
2037 945 2416 1005 Matthaewm.‘

1682 1023 1757 1082 In
1775 1023 1871 1084 illo
1885 1034 2002 1085 tem
2046 1044 2162 1098 ore,
2183 1024 2326 1086 Cum
2343 1023 2590 1083 audisset
2604 1023 2650 1083 J
2651 1023 2828 1083 ohan·-

1619 1122 1719 1162 nes
1745 1103 1807 1160 in
1845 1103 2046 1161 vincu'
2118 1122 2290 1193 opera
2327 1101 2559 1173 Christi,
2591 1103 2830 1163 mittens

1618 1177 1758 1239 duos
1796 1181 1869 1240 de
1914 1180 2198 1260 discipulis
2250 1181 2382 1252 suis,
2434 1179 2517 1239 ait
2560 1178 2681 1254 illi;
2736 1182 2830 1241 'Pu

1619 1278 1697 1330 οε,
1723 1259 1821 1336 qui
1847 1267 2116 1318 venturus
2143 1277 2221 1330 ee,
2248 1279 2323 1316 an
2348 1258 2521 1316 alium
2556 1268 2826 1337 expecta-

1617 1352 1743 1394 mus
1764 1338 1789 1397 ἒ
1888 1335 1969 1396 Et
1994 1337 2341 1416 respondens
2366 1335 2410 1395 J
2411 1355 2540 1394 esus
2565 1336 2649 1395 ait
2673 1336 2823 1399 illis:

1616 1413 1833 1474 Euntes
1845 1416 2172 1474 renunciate
2187 1413 2232 1473 J
2232 1413 2442 1472 ohanni
2451 1432 2579 1490 quae
2589 1415 2827 1475 audistis

1617 1500 1678 1551 et
1703 1493 1935 1552 vidistis.
2014 1493 2164 1554 ‹Jaeoi
2191 1492 2405 1563 vident,
2423 1490 2605 1550 claudi
2624 1496 2826 1552 ambu-

1615 1568 1756 1643 lant,
1778 1569 1984 1650 leprosi
2004 1571 2367 1644 mundantur,
2389 1569 2545 1628 surdi
2564 1571 2822 1647 audiunt,

1614 1650 1823 1707 mortui
1865 1659 2185 1729 resurgunt,
2227 1668 2500 1727 pauperes
2536 1649 2825 1728 evangeli-

1613 1734 1851 1788 zantur:
1901 1733 1960 1786 et
1999 1729 2195 1785 beatus
2234 1735 2337 1801 est,
2373 1726 2470 1804 qui
2508 1746 2624 1784 non
2649 1726 2822 1787 fuerit

1612 1804 2016 1864 scandalizatus
2081 1805 2143 1862 in
2213 1825 2325 1863 me.
2432 1802 2556 1862 Illis
2622 1813 2819 1865 autem

1611 1884 1962 1955 abeuntibus,
2017 1883 2191 1961 coepit
2255 1882 2300 1941 J
2300 1902 2425 1942 esus
2490 1881 2676 1942 dicere
2741 1884 2817 1941 ad

1611 1963 1807 2020 turbas
1852 1963 1924 2020 de
1964 1959 2007 2020 J
2010 1961 2262 2021 ohanne:
2324 1961 2474 2028 Quid
2514 1960 2712 2020 existis
2752 1962 2818 2019 in

1610 2038 1896 2098 desertum
1962 2039 2197 2098 videre?
2255 2038 2591 2098 arundinem
2645 2048 2820 2099 vento

1606 2117 1922 2196 agitatam?
2028 2115 2140 2175 Sed
2179 2118 2313 2194 quid
2354 2116 2549 2176 existis
2575 2116 2816 2178 videre?

1608 2194 1899 2254 hominem
1953 2194 2217 2254 mollibus
2270 2194 2586 2255 vestitum?
2663 2196 2815 2255 Ecce

1605 2274 1702 2350 qui
1748 2272 2008 2331 mollibus
2053 2272 2389 2343 vestiuntur,
2441 2274 2502 2329 in
2554 2272 2816 2333 domibus

1602 2370 1802 2430 regum
1854 2359 2006 2409 sunt.
2112 2351 2228 2412 Sed
2316 2350 2415 2409 uid
2479 2350 2677 2410 existis
2728 2353 2813 2409 vi·

1603 2429 1777 2488 dere?
1804 2428 2180 2508 prophetam?
2314 2429 2453 2487 tiam
2481 2428 2606 2487 dico
2634 2428 2808 2504 vobis,

1603 2514 1663 2566 et
1715 2506 1842 2586 plus
1890 2526 2059 2585 quam
2104 2505 2462 2598 prophetam.
2549 2506 2670 2566 Hic
2720 2517 2811 2566 est

1602 2585 1755 2644 enim
1790 2585 1863 2644 de
1889 2604 2000 2662 quo
2027 2593 2298 2664 scriptum
2340 2593 2463 2643 est:
2517 2584 2663 2645 Ecce
2702 2605 2810 2664 ego

1603 2664 1774 2723 mitto
1837 2661 2104 2741 angelum
2170 2682 2362 2721 meum
2414 2671 2547 2722 ante
2605 2662 2806 2722 faciem

1597 2750 1775 2817 tuam,
1802 2741 1897 2818 qui
1923 2742 2269 2821 praeparabit
2307 2740 2456 2799 viam
2484 2749 2641 2801 tuam
2668 2750 2807 2802 ante

1596 2826 1675 2878 te.

1675 2896 2083 2973 offertorium*

1680 2973 2028 3042 Benedixisti,
2074 2971 2303 3027 Domine
2368 2977 2566 3027 terram
2614 2978 2801 3029 tuam:

1593 3045 1836 3099 avertisti
1880 3043 2246 3116 captivitatem
2294 3015 2499 3098 «lacobz
2547 3045 2803 3099 remisisti

1592 3114 1937 3185 iniquitatem
1959 3114 2134 3197 plebis
2155 3120 2281 3168 tuae.

1605 3186 1664 3240 V.
1706 3185 1976 3257 operuisti
1995 3184 2177 3239 omnia
2189 3189 2406 3255 peccata
2421 3200 2630 3238 eorum:
2650 3184 2798 3239 miti-

1688 3256 1732 3310 ti
1755 3273 1969 3311 omnem
1995 3255 2131 3307 iram
2149 3260 2317 3307 tuam.

1652 3368 1664 3380 .
1738 3325 1971 3381 Ostende
2010 3323 2177 3392 nobis,
2217 3323 2460 3392 Domine,
2505 3324 2799 3380 misericor-

1591 3395 1736 3451 diam
1762 3402 1928 3467 tuam,
1955 3400 2012 3450 et
2033 3393 2267 3449 salutare
2291 3399 2446 3448 tuum
2470 3394 2541 3449 da
2562 3395 2730 3451 nobie.

1667 3467 1908 3527 Secreta.

1685 3544 2017 3605 Devotionis
2074 3553 2285 3602 nostrae
2339 3542 2465 3614 tibi,
2527 3541 2794 3619 Domine,

1588 3641 1925 3700 quaesumu8‚
1968 3621 2154 3680 hostia
2187 3620 2408 3699 jugiter
2445 3620 2795 3697 immoletur,

1586 3720 1715 3778 quse
1746 3709 1806 3760 et
1841 3700 1983 3759 sacri
2015 3707 2251 3778 peragat
2285 3698 2547 3758 instituta
2579 3708 2794 3775 myste-

1585 3778 1676 3850 rii,
1704 3791 1764 3838 et
1797 3778 2039 3838 salutare
2074 3785 2238 3836 tuum
2265 3776 2427 3835 nobis
2453 3777 2794 3838 mirabiliter

1586 3865 1868 3935 operetur.
1950 3856 2067 3916 Per
2092 3854 2421 3916 Dominum.

1665 3932 1945 4011 Praefatio
2007 3931 2327 3991 uotidiana.

1659 4008 1982 4067 communio.
2073 4009 2260 4079 Dicite,
2281 4008 2651 4081 pusillanimes
2663 4025 2790 4066 oon—

1583 4154 1604 4196 f
1635 4175 1749 4229 cap.
1774 4157 1846 4212 xi.
1874 4158 1945 4212 A.
1967 4157 2043 4228 (v.
2070 4156 2253 4228 2-10.)

1578 4239 1607 4277 s
1642 4229 1728 4282 Ps.
1756 4228 1943 4284 lxxxiv
1966 4235 2022 4283 et
2044 4227 2228 4282 omnia
2248 4225 2393 4282 infra
2411 4226 2618 4298 (lxxxv.
2650 4228 2697 4299 1,
2733 4230 2785 4300 2,

1580 4300 1629 4409 ᾖ
1646 4301 1818 4426 1}ssssae
1842 4387 1954 4441 cap.
1982 4385 2140 4424 mv.
2167 4367 2229 4422 R
2247 4367 2322 4438 (v.
2351 4366 2426 4438 4.)
