2975 5009
159 245 256 308 365

156 415 227 473 Sic
247 414 309 472 de
335 413 379 472 J
380 412 498 470 uda
522 410 612 470 leo
637 410 819 483 fortiS,

159 493 338 552 Fractis
364 491 548 572 portis
567 491 709 550 dirae
736 490 954 564 mortis,

217 573 309 631 Die
336 571 524 648 surgit
549 569 739 628 tertia.

162 651 414 728 Rugiente
439 667 574 706 voce
602 648 808 719 Patris,

163 730 240 786 Ad
260 747 515 807 supernae
544 725 735 783 sinum
761 724 964 784 matris

220 808 317 865 Tot
342 804 569 865 revexit
597 803 792 882 spolia.

161 886 298 945 Cetus
325 885 367 943 J
372 904 539 942 onam
566 880 870 960 fugitivum

164 965 278 1023 Veri
300 963 342 1021 J
345 983 474 1020 onae
507 961 871 1039 signativum,

166 1044 277 1102 Post
303 1050 421 1100 tres
449 1039 571 1098 dies
597 1039 790 1097 reddit
815 1040 1007 1096 vivum

222 1121 300 1180 De
327 1119 544 1178 ventris
570 1137 645 1174 an
724 1117 847 1176 stia.

162 1199 344 1258 Botrus
373 1197 553 1276 Cypri
579 1215 644 1253 re
689 1195 909 1266 orescit,

164 1277 421 1336 Dilatatur
449 1285 509 1334 et
535 1274 845 1346 excrescit3

164 1358 456 1434 Synagogae
481 1352 587 1410 flos
615 1351 927 1425 marcescit,

229 1436 301 1494 Et
326 1433 499 1491 floret
528 1430 799 1490 Ecclesia.

163 1512 304 1571 Mors
331 1520 392 1570 et
419 1512 538 1569 vita
564 1509 895 1578 conflixere,

166 1591 484 1650 Resurrexit
507 1587 771 1649 Christus
798 1607 950 1658 vere,

164 1670 375 1729 Etcum
406 1667 635 1728 Christo
661 1685 961 1725 surrexere

228 1747 399 1806 Multi
426 1755 603 1806 testes
629 1743 846 1824 gloriae.

156 1827 325 1885 Mane
351 1845 580 1896 novum,
608 1843 777 1882 mane
804 1821 1022 1891 laetum,

170 1905 563 1984 Vespertinum
590 1910 780 1980 tergat
807 1900 1008 1959 fletum
1029 1921 1045 1971 ;

171 1984 304 2052 Quia
330 1983 476 2042 Vita
499 1981 634 2039 vicit
658 1978 837 2038 letum

234 2062 478 2139 Tempus
504 2067 591 2119 est
616 2058 857 2118 laetitiae.

167 2139 291 2200 Jesu
316 2141 514 2213 victor,
541 2138 583 2196 J
585 2158 684 2197 esu
709 2136 846 2208 vita,

170 2218 296 2277 Jaeu
323 2220 455 2276 vitae
480 2218 572 2274 via
596 2216 753 2286 trita,

168 2297 324 2377 Cujus
351 2305 536 2354 morte
565 2313 719 2353 mors
745 2291 944 2370 sopita,

171 2376 262 2445 Ad
288 2374 617 2435 Paschalem
647 2391 748 2430 nos
776 2370 955 2428 invita

240 2455 501 2513 Mensam
530 2473 659 2510 cum
687 2449 911 2507 fiducia.

173 2532 316 2591 Viva
340 2532 523 2611 pauiS,
550 2532 718 2588 vivax
743 2526 915 2599 unda,
970 2588 978 2593 ⁶

173 2611 323 2670 Vera
351 2611 478 2670 vitis
503 2618 564 2668 et
588 2607 845 2678 fecunda,

171 2690 253 2748 Tu
278 2709 380 2748 nos
406 2708 586 2767 pasce,
613 2696 679 2744 tu
707 2704 810 2743 nos
835 2681 1066 2752 munda,

174 2767 259 2827 Ut
282 2789 317 2826 a
343 2778 528 2826 morte
555 2785 658 2824 nos
685 2763 928 2822 secunda

242 2848 365 2906 Tua
387 2845 566 2904 salvet
589 2844 792 2922 gratia.
874 2840 1090 2897 Amen.

244 2924 622 3000 Evanqeliwn
644 2945 661 2980 .·
687 2918 1008 2981 Secundum
1033 2916 1302 2974 Lucanam

251 3005 324 3061 In
356 3003 454 3061 illo
488 3011 766 3078 tempore,
807 2997 1101 3055 Exeuntes
1137 2993 1251 3050 duo
1291 3010 1365 3049 ex

174 3080 455 3160 discipulis
479 3080 522 3139 J
525 3099 623 3138 esu
648 3081 808 3136 ibant
825 3077 948 3154 ipsa
973 3075 1066 3133 die
1087 3074 1146 3129 in
1167 3067 1366 3142 castel-

174 3159 310 3234 lum,
345 3160 494 3238 quod
541 3166 664 3217 erat
709 3158 770 3214 in
823 3154 1005 3232 spatio
1057 3151 1367 3210 stadiorum

176 3241 470 3317 sexaginta
534 3238 605 3294 ab
682 3231 1066 3303 Hierusalem,
1142 3227 1371 3286 nomine

179 3319 406 3377 Emaus.
499 3316 579 3375 Et
617 3315 727 3394 ipsi
761 3311 1133 3390 loquebantur
1170 3307 1244 3364 ad
1283 3305 1371 3361 in-

175 3397 351 3454 vicem
377 3397 450 3454 de
477 3394 566 3452 his
593 3393 852 3452 omnibus
879 3409 1005 3467 quae
1031 3386 1370 3445 acciderant.

174 3474 257 3533 Et
292 3476 499 3533 factum
542 3481 629 3531 est
672 3472 809 3528 dum
855 3466 1264 3535 fabularentur,
1314 3468 1374 3519 et

176 3572 365 3611 secum
390 3559 747 3631 quaererent:
775 3556 834 3608 et
850 3548 969 3625 ipse
985 3545 1027 3604 J
1030 3563 1154 3604 esus
1171 3559 1376 3620 appro-

176 3632 455 3710 pinquans
493 3632 615 3689 ibat
640 3649 766 3686 cum
806 3625 953 3683 illis:
1003 3622 1145 3680 oculi
1185 3629 1376 3677 autem

176 3729 372 3768 eorum
388 3710 748 3778 tenebantur,
766 3725 838 3763 ne
855 3723 983 3762 eum
993 3705 1378 3779 agnoscerent.

179 3787 263 3847 Et
296 3790 379 3848 ait
402 3790 476 3847 ad
502 3786 663 3858 illos;
692 3785 804 3852 Qui
829 3791 964 3840 sunt
991 3781 1052 3838 hi
1094 3794 1379 3837 sermones

176 3885 317 3943 quos
342 3866 606 3926 confertis
633 3866 706 3922 ad
731 3861 972 3920 invicem
1009 3856 1381 3923 ambulantes,

178 3954 244 4004 et
270 3945 400 4005 estis
427 3946 664 4004 tristes?
745 3941 825 3999 Et
863 3936 1209 4018 respondens
1240 3951 1385 3990 unus

176 4024 271 4081 cui
298 4045 505 4083 nomen
532 4020 827 4100 CleophaS,
848 4018 1001 4076 dixit
1020 4015 1105 4087 ei;
1133 4013 1220 4071 'Pu
1241 4010 1388 4068 solus

179 4104 514 4181 peregrinus
555 4121 615 4160 es
655 4101 714 4157 in
756 4094 1134 4167 Hierusalem,
1176 4102 1235 4151 et
1274 4108 1388 4147 non

179 4181 493 4257 cognovisti
541 4199 670 4257 quae
710 4177 856 4235 facta
894 4183 1027 4233 sunt
1065 4172 1126 4229 in
1165 4170 1264 4228 illa
1301 4167 1390 4225 his

180 4258 426 4319 diebus?
529 4258 751 4326 Quibus
803 4254 898 4313 ille
951 4252 1101 4311 dixit
1123 4272 1140 4322 ;
1198 4248 1390 4318 Quae?

179 4335 266 4395 Et
291 4338 595 4410 dixerunt3
646 4335 737 4394 De
777 4334 819 4393 J
822 4353 919 4392 esu
944 4330 1270 4400 Nazareno,
1299 4324 1395 4403 qui

178 4460 213 4562 ζ
247 4471 363 4535 cap.
391 4453 622 4579 xgdvb}
654 4452 723 4524 (v.
756 4449 971 4519 13-35.)

249 4543 415 4580 sic.-·
451 4558 501 4580 ....
610 4566 621 4580 .

803 253 1024 303 FERIA
1060 255 1393 308 SECUNDA
1427 259 1601 310 POST
1636 260 1933 310 PASOHA.

2532 240 2660 305 366

1454 417 1565 477 suit
1591 418 1678 476 vir
1705 414 2005 496 propheta,
2046 423 2249 494 potens
2288 413 2351 470 in
2392 432 2565 491 opere
2602 420 2665 472 et

1455 516 1716 556 sermone
1748 515 1938 553 coram
1976 495 2101 552 Deo
2128 501 2187 552 et
2221 492 2379 551 omni
2414 491 2667 570 populo:

1454 585 1516 634 et
1562 575 1840 652 quomodo
1879 571 2244 632 tradiderunt
2285 590 2415 628 eum
2458 569 2670 629 summi

1456 654 1775 712 sacerdotes
1802 661 1862 710 et
1888 651 2170 730 principes
2210 647 2392 707 nostri
2417 646 2478 705 in
2507 648 2671 705 dam-

1457 733 1750 790 nationem
1771 732 1991 800 mortiS‚
2010 745 2069 788 et
2085 727 2494 787 crucifixerunt
2515 746 2666 784 eum.

1457 810 1581 869 Nos
1606 819 1795 868 autem
1819 810 2198 887 sperabamus,
2220 807 2352 883 quia
2376 805 2500 882 ipse
2523 811 2673 863 esset

1459 889 1857 966 redempturus
1897 885 2092 946 Israel.
2192 884 2271 943 Et
2311 903 2463 941 nunc
2502 901 2674 961 super

1461 966 1585 1025 haec
1612 965 1820 1037 omnia,
1853 965 2028 1025 tertia
2065 963 2187 1021 dies
2214 971 2301 1022 est
2330 961 2497 1020 hodie
2522 960 2673 1038 quod

1461 1044 1587 1104 haec
1612 1044 1924 1103 factasunt.
2008 1043 2121 1103 Sed
2150 1050 2210 1100 et
2230 1040 2494 1099 mulieres
2521 1058 2674 1118 quae-

1461 1124 1594 1182 dam
1643 1143 1717 1181 ex
1762 1122 1971 1181 nostris
2010 1127 2341 1180 terruerunt
2383 1138 2504 1192 noS,
2547 1137 2676 1197 quae

1463 1210 1599 1260 ante
1626 1201 1808 1260 lucem
1845 1200 2078 1260 fuerunt
2105 1199 2177 1256 ad
2221 1205 2676 1268 monumentum,

1464 1290 1526 1339 et
1563 1300 1676 1338 non
1703 1279 1937 1339 invento
1963 1297 2195 1356 corpore
2224 1278 2363 1355 ejus»,
2391 1283 2676 1335 venerunt

1463 1359 1734 1431 dicentes,
1764 1379 1823 1417 se
1852 1358 2023 1417 etiam
2050 1356 2325 1414 visionem
2344 1353 2678 1434 angelorum

1465 1438 1687 1507 vidisse,
1736 1437 1832 1515 qui
1878 1437 2074 1493 dicunt
2117 1455 2248 1493 eum
2295 1432 2505 1491 vivere.
2597 1431 2679 1490 Et

1466 1516 1732 1573 abierunt
1771 1514 2001 1591 quidam
2028 1531 2101 1570 ex
2130 1510 2343 1569 nostris
2376 1512 2449 1568 ad
2476 1529 2679 1568 monu-

1467 1602 1724 1651 mentum
1757 1615 1771 1651 :
1847 1601 1907 1650 et
1973 1591 2056 1648 ita
2120 1590 2463 1648 invenerunt
2538 1588 2681 1646 sicut

1469 1670 1736 1730 mulieres
1790 1670 2086 1739 dixerunt,
2140 1667 2326 1746 ipsum
2374 1686 2510 1725 vero
2563 1685 2678 1723 non

1469 1751 1830 1808 invenerunt.
1912 1748 1992 1806 Et
2031 1746 2151 1824 ipse
2187 1745 2338 1803 dixit
2363 1746 2437 1803 ad
2465 1763 2598 1816 eos;
2628 1743 2682 1803 O

1470 1827 1633 1886 stulti
1674 1837 1733 1886 et
1778 1827 1927 1886 tardi
1980 1825 2150 1884 corde
2196 1824 2269 1881 ad
2314 1823 2682 1892 credendum,

1470 1907 1531 1964 in
1556 1906 1815 1965 omnibus
1843 1924 1970 1982 quae
1997 1903 2167 1961 locuti
2189 1910 2321 1960 sunt
2347 1900 2680 1980 prophetae!

1471 1985 1689 2044 Nonne
1715 1984 1743 2023 b
1761 1984 1883 2043 haec
1903 1988 1932 2027 b
1960 1982 2209 2060 oportuit
2230 1981 2348 2058 pati
2368 1979 2680 2050 Christum,

1472 2072 1534 2122 et
1571 2065 1651 2122 ita
1682 2062 1896 2122 intrare
1936 2062 1997 2119 in
2040 2061 2277 2140 gloriam
2318 2061 2521 2118 suam?
2602 2056 2683 2116 Et

1472 2142 1749 2222 incipiens
1794 2163 1829 2200 a
1880 2141 2082 2217 Moyse
2130 2150 2189 2198 et
2242 2139 2499 2196 omnibus
2553 2155 2683 2215 pro-

1472 2220 1679 2300 phetiS,
1703 2221 2188 2299 interpretabatur
2209 2216 2319 2275 illis
2340 2217 2399 2273 in
2422 2217 2683 2274 omnibus

1476 2300 1789 2379 scripturiS,
1842 2320 1971 2378 quae
2024 2298 2098 2357 de
2152 2296 2275 2374 ipso
2329 2302 2511 2354 erant.
2603 2293 2682 2351 Et

1474 2378 2070 2456 appropinquaverunt
2095 2373 2320 2435 castello
2347 2393 2457 2451 quo
2484 2372 2644 2431 ibant
2667 2394 2681 2432 τ

1476 2467 1537 2516 et
1574 2457 1694 2536 ipse
1729 2475 1789 2515 se
1830 2456 2004 2514 finxit
2040 2455 2258 2533 longius
2285 2453 2388 2511 ire.
2468 2451 2549 2509 Et
2590 2469 2684 2507 co-

1476 2543 1718 2613 egerunt
1746 2534 1923 2604 illum,
1964 2534 2248 2603 dicentes;
2284 2531 2463 2588 Mane
2499 2528 2685 2586 nobis-

1477 2634 1625 2684 cum,
1686 2613 1950 2690 quoniam
2002 2612 2170 2669 adves
2213 2610 2435 2680 erascit,
2490 2615 2550 2666 et
2596 2608 2684 2663 in-

1479 2690 1686 2749 clinata
1713 2699 1798 2748 est
1818 2691 1935 2767 jam
1961 2689 2101 2746 dies.
2238 2698 2262 2744 t
2295 2687 2530 2744 intravit
2555 2705 2683 2742 cum

1481 2771 1579 2829 eis.
1661 2769 1742 2826 Et
1778 2768 1992 2825 factum
2033 2776 2120 2825 est
2161 2766 2297 2823 dum
2332 2764 2688 2822 recumberet

1479 2869 1607 2906 cum
1644 2846 1769 2916 illis,
1806 2846 2021 2922 accepit
2060 2864 2264 2922 panem
2297 2850 2356 2902 et
2395 2840 2689 2899 benedixit

1479 2928 1544 2986 ac
1568 2926 1739 3004 fregit
1759 2933 1817 2983 et
1835 2924 2163 3003 porrigebat
2181 2919 2309 2981 illis.
2390 2921 2469 2979 Et
2493 2919 2688 2977 statim

1481 3006 1665 3084 aperti
1683 3011 1817 3062 sunt
1833 3001 1975 3060 oculi
1996 3021 2212 3072 eorum,
2229 3008 2289 3058 et
2304 3004 2688 3076 cognoverunt

1484 3104 1612 3143 eum
1638 3104 1649 3140 :
1679 3091 1738 3141 et
1772 3083 1893 3160 ipse
1921 3079 2149 3138 evanuit
2175 3098 2250 3136 ex
2271 3077 2441 3136 oculis
2468 3096 2684 3134 eorum.

1483 3164 1563 3223 Et
1594 3162 1867 3219 dixerunt
1904 3159 1978 3216 ad
2017 3158 2295 3228 invicem;
2340 3155 2553 3214 Nonne
2592 3173 2688 3211 cor

1486 3249 1742 3299 nostrum
1794 3239 2000 3297 ardens
2053 3243 2177 3295 erat
2237 3235 2298 3292 in
2352 3233 2512 3292 nobis
2565 3239 2589 3268 ⁶
2614 3232 2687 3290 de

1487 3319 1530 3378 J
1532 3334 1676 3390 esu‚0
1700 3319 1837 3376 dum
1864 3316 2188 3393 loqueretur
2215 3312 2373 3371 nobis
2401 3312 2461 3368 in
2490 3311 2598 3381 via,
2629 3319 2689 3369 et

1486 3400 1739 3477 aperiret
1792 3395 1951 3454 nobis
1998 3393 2361 3470 Scripturas?
2441 3390 2522 3448 Et
2566 3409 2691 3447 sur-

1529 3486 1687 3535 entes
1735 3476 1931 3535 eadem
1986 3472 2126 3530 hora
2164 3471 2404 3549 regressi
2456 3476 2589 3526 sunt
2631 3467 2692 3524 in

1487 3498 1881 3613 {lierusalemz
1922 3559 1983 3611 et
2016 3551 2359 3608 invenerunt
2389 3566 2692 3625 congrega-

1489 3643 1580 3691 tos
1599 3633 1880 3703 undecim,
1904 3639 1963 3689 et
1983 3649 2076 3688 eos
2096 3629 2331 3706 quicum
2353 3627 2488 3706 ipsis
2508 3632 2692 3695 erant,

1493 3712 1746 3770 dicentes
1773 3710 1920 3788 quod
1947 3708 2198 3766 surrexit
2238 3706 2515 3764 Dominus
2541 3722 2692 3774 vere,

1496 3801 1553 3849 et
1569 3789 1832 3868 apparuit
1849 3786 2083 3847 Simoni.
2164 3786 2243 3844 Et
2261 3786 2366 3862 ipsi
2386 3784 2697 3841 narrabant

1496 3889 1624 3948 quae
1660 3876 1819 3944 gesta
1857 3874 2021 3925 erant
2060 3866 2120 3921 in
2160 3865 2280 3923 via:
2322 3871 2382 3923 et
2419 3860 2698 3941 quomodo

1499 3953 1884 4026 cognoverunt
1909 3965 2039 4004 eum
2066 3943 2127 4000 in
2155 3943 2428 4001 fractione
2453 3940 2633 4021 panis.

1583 4025 1785 4084 Credo.

1589 4102 1999 4178 offertorium.d

1579 4179 1825 4250 Angelus
1851 4177 2066 4231 Domini
2091 4176 2369 4233 descendit
2390 4176 2456 4232 de
2480 4174 2628 4243 coelo,
2654 4178 2710 4229 et

1509 4251 1650 4316 dixit
1683 4248 2031 4302 mulieribus:
2075 4265 2236 4317 quem
2272 4247 2552 4318 quaeritis‘?
2594 4263 2708 4300 sur-

1511 4321 1653 4376 rexit
1675 4319 1815 4374 sicut
1837 4318 1991 4387 dixit,
2019 4318 2269 4389 alleluya.

1516 4453 1541 4482 θ
1577 4459 1687 4496 non
1713 4441 1914 4494 habent
1938 4439 2020 4491 92.
2051 4438 2134 4491 98.
2162 4437 2257 4490 4L.
2286 4439 2352 4493 V.

1518 4515 1548 4553 d
1585 4510 1755 4566 Marci
1780 4528 1891 4581 cap.
1920 4511 2024 4566 xvi.
2055 4511 2125 4580 (v.
2155 4509 2202 4576 6,
2234 4510 2307 4578 7.)
