<?xml version="1.0" encoding="UTF-8"?>
<!DOCTYPE html PUBLIC "-//W3C//DTD XHTML 1.0 Transitional//EN"
    "http://www.w3.org/TR/xhtml1/DTD/xhtml1-transitional.dtd">
<html xmlns="http://www.w3.org/1999/xhtml" xml:lang="en" lang="en">
 <head>
  <title>
</title>
<meta http-equiv="Content-Type" content="text/html;charset=utf-8" />
  <meta name='ocr-system' content='tesseract 3.04.00' />
  <meta name='ocr-capabilities' content='ocr_page ocr_carea ocr_par ocr_line ocrx_word'/>
</head>
<body>
  <div class='ocr_page' id='page_1' title='image "./missaleadusumin00cathgoog_0316.png"; bbox 0 0 2975 5009; ppageno 0'>
   <div class='ocr_carea' id='block_1_1' title="bbox 343 251 471 320">
    <p class='ocr_par' dir='ltr' id='par_1_1' title="bbox 343 251 471 320">
     <span class='ocr_line' id='line_1_1' title="bbox 343 251 471 320; baseline 0.055 -7"><span class='ocrx_word' id='word_1_1' title='bbox 343 251 471 320; x_wconf 80' lang='lat'><strong><em>595</em></strong></span> 
     </span>
    </p>
   </div>
   <div class='ocr_carea' id='block_1_2' title="bbox 348 426 1580 3305">
    <p class='ocr_par' dir='ltr' id='par_1_2' title="bbox 348 426 1556 645">
     <span class='ocr_line' id='line_1_2' title="bbox 426 426 1556 509; baseline 0.001 -22"><span class='ocrx_word' id='word_1_2' title='bbox 426 441 455 470; x_wconf 76' lang='lat'>⁸</span> <span class='ocrx_word' id='word_1_3' title='bbox 470 426 735 489; x_wconf 85' lang='lat' dir='ltr'><strong><em>Diacono</em></strong></span> <span class='ocrx_word' id='word_1_4' title='bbox 761 430 993 489; x_wconf 76' lang='lat' dir='ltr'><strong><em>interim</em></strong></span> <span class='ocrx_word' id='word_1_5' title='bbox 1031 430 1221 509; x_wconf 88' lang='lat' dir='ltr'><strong><em>ipsum</em></strong></span> <span class='ocrx_word' id='word_1_6' title='bbox 1259 431 1462 489; x_wconf 81' lang='lat' dir='ltr'><strong><em>Altare</em></strong></span> <span class='ocrx_word' id='word_1_7' title='bbox 1488 431 1556 488; x_wconf 90' lang='lat' dir='ltr'><strong><em>in</em></strong></span> 
     </span>
     <span class='ocr_line' id='line_1_3' title="bbox 348 508 1554 587; baseline 0.003 -23"><span class='ocrx_word' id='word_1_8' title='bbox 348 508 580 566; x_wconf 85' lang='lat' dir='ltr'><strong><em>sinistro</em></strong></span> <span class='ocrx_word' id='word_1_9' title='bbox 605 528 779 567; x_wconf 85' lang='lat' dir='ltr'><strong><em>cornu</em></strong></span> <span class='ocrx_word' id='word_1_10' title='bbox 806 510 1165 586; x_wconf 65' lang='lat' dir='ltr'><strong><em>thwnflcante</em></strong></span> <span class='ocrx_word' id='word_1_11' title='bbox 1190 518 1242 568; x_wconf 91' lang='lat' dir='ltr'><strong><em>et</em></strong></span> <span class='ocrx_word' id='word_1_12' title='bbox 1281 509 1554 587; x_wconf 75' lang='lat' dir='ltr'><strong><em>reliquias</em></strong></span> 
     </span>
     <span class='ocr_line' id='line_1_4' title="bbox 351 586 1070 645; baseline 0.001 -1"><span class='ocrx_word' id='word_1_13' title='bbox 351 606 502 644; x_wconf 86' lang='lat' dir='ltr'><strong><em>more</em></strong></span> <span class='ocrx_word' id='word_1_14' title='bbox 527 586 687 644; x_wconf 85' lang='lat' dir='ltr'><strong><em>solito</em></strong></span> <span class='ocrx_word' id='word_1_15' title='bbox 715 588 783 645; x_wconf 87' lang='lat' dir='ltr'><strong><em>in</em></strong></span> <span class='ocrx_word' id='word_1_16' title='bbox 809 587 1070 645; x_wconf 82' lang='lat' dir='ltr'><strong><em>circuitu.</em></strong></span> 
     </span>
    </p>

    <p class='ocr_par' dir='ltr' id='par_1_3' title="bbox 353 664 1561 1037">
     <span class='ocr_line' id='line_1_5' title="bbox 432 664 1558 724; baseline 0 -2"><span class='ocrx_word' id='word_1_17' title='bbox 432 664 667 723; x_wconf 80' lang='lat' dir='ltr'><strong><em>Ablutis</em></strong></span> <span class='ocrx_word' id='word_1_18' title='bbox 715 666 976 723; x_wconf 72' lang='lat' dir='ltr'><strong><em>manibus</em></strong></span> <span class='ocrx_word' id='word_1_19' title='bbox 1028 665 1279 724; x_wconf 86' lang='lat' dir='ltr'><strong><em>sacerdos</em></strong></span> <span class='ocrx_word' id='word_1_20' title='bbox 1320 673 1558 723; x_wconf 89' lang='lat' dir='ltr'><strong><em>revertat</em></strong></span> 
     </span>
     <span class='ocr_line' id='line_1_6' title="bbox 353 743 1559 821; baseline 0 -21"><span class='ocrx_word' id='word_1_21' title='bbox 353 762 411 801; x_wconf 87' lang='lat' dir='ltr'><strong><em>se</em></strong></span> <span class='ocrx_word' id='word_1_22' title='bbox 464 743 543 800; x_wconf 90' lang='lat' dir='ltr'><strong><em>ad</em></strong></span> <span class='ocrx_word' id='word_1_23' title='bbox 602 743 807 802; x_wconf 85' lang='lat' dir='ltr'><strong><em>Altare</em></strong></span> <span class='ocrx_word' id='word_1_24' title='bbox 859 744 938 801; x_wconf 89' lang='lat' dir='ltr'><strong><em>ad</em></strong></span> <span class='ocrx_word' id='word_1_25' title='bbox 989 743 1253 802; x_wconf 86' lang='lat' dir='ltr'><strong><em>divinum</em></strong></span> <span class='ocrx_word' id='word_1_26' title='bbox 1317 743 1559 821; x_wconf 85' lang='lat' dir='ltr'><strong><em>officium</em></strong></span> 
     </span>
     <span class='ocr_line' id='line_1_7' title="bbox 356 821 1558 898; baseline 0 -20"><span class='ocrx_word' id='word_1_27' title='bbox 356 821 797 898; x_wconf 71' lang='lat' dir='ltr'><strong><em>exsequendum;</em></strong></span> <span class='ocrx_word' id='word_1_28' title='bbox 862 830 912 879; x_wconf 91' lang='lat' dir='ltr'><strong><em>et</em></strong></span> <span class='ocrx_word' id='word_1_29' title='bbox 958 821 1229 880; x_wconf 84' lang='lat' dir='ltr'><strong><em>diaconus</em></strong></span> <span class='ocrx_word' id='word_1_30' title='bbox 1271 830 1323 880; x_wconf 88' lang='lat' dir='ltr'><strong><em>et</em></strong></span> <span class='ocrx_word' id='word_1_31' title='bbox 1365 821 1558 879; x_wconf 88' lang='lat' dir='ltr'><strong><em>subdi-</em></strong></span> 
     </span>
     <span class='ocr_line' id='line_1_8' title="bbox 356 900 1561 978; baseline 0.001 -21"><span class='ocrx_word' id='word_1_32' title='bbox 356 919 561 957; x_wconf 88' lang='lat' dir='ltr'><strong><em>aconus</em></strong></span> <span class='ocrx_word' id='word_1_33' title='bbox 581 900 649 958; x_wconf 89' lang='lat' dir='ltr'><strong><em>in</em></strong></span> <span class='ocrx_word' id='word_1_34' title='bbox 666 900 935 976; x_wconf 77' lang='lat' dir='ltr'><strong><em>qradibus</em></strong></span> <span class='ocrx_word' id='word_1_35' title='bbox 951 900 1068 958; x_wconf 86' lang='lat' dir='ltr'><strong><em>suis</em></strong></span> <span class='ocrx_word' id='word_1_36' title='bbox 1085 900 1342 958; x_wconf 84' lang='lat' dir='ltr'><strong><em>ordinate</em></strong></span> <span class='ocrx_word' id='word_1_37' title='bbox 1357 920 1561 978; x_wconf 86' lang='lat' dir='ltr'><strong><em>supra-</em></strong></span> 
     </span>
     <span class='ocr_line' id='line_1_9' title="bbox 357 977 1069 1037; baseline 0 -2"><span class='ocrx_word' id='word_1_38' title='bbox 357 977 507 1036; x_wconf 85' lang='lat' dir='ltr'><strong><em>dicto</em></strong></span> <span class='ocrx_word' id='word_1_39' title='bbox 533 977 696 1035; x_wconf 89' lang='lat' dir='ltr'><strong><em>modo</em></strong></span> <span class='ocrx_word' id='word_1_40' title='bbox 721 999 775 1037; x_wconf 88' lang='lat' dir='ltr'><strong><em>se</em></strong></span> <span class='ocrx_word' id='word_1_41' title='bbox 802 986 1069 1036; x_wconf 63' lang='lat' dir='ltr'><strong><em>teneant*</em></strong></span> 
     </span>
    </p>

    <p class='ocr_par' dir='ltr' id='par_1_4' title="bbox 350 1056 1563 1289">
     <span class='ocr_line' id='line_1_10' title="bbox 458 1056 1563 1128; baseline 0.001 -15"><span class='ocrx_word' id='word_1_42' title='bbox 458 1056 682 1114; x_wconf 88' lang='lat' dir='ltr'><strong><em>Deinde</em></strong></span> <span class='ocrx_word' id='word_1_43' title='bbox 727 1064 964 1115; x_wconf 89' lang='lat' dir='ltr'><strong><em>revertat</em></strong></span> <span class='ocrx_word' id='word_1_44' title='bbox 1013 1077 1085 1128; x_wconf 90' lang='lat' dir='ltr'><strong><em>se,</em></strong></span> <span class='ocrx_word' id='word_1_45' title='bbox 1132 1064 1183 1115; x_wconf 89' lang='lat' dir='ltr'><strong><em>et</em></strong></span> <span class='ocrx_word' id='word_1_46' title='bbox 1233 1064 1386 1114; x_wconf 77' lang='lat' dir='ltr'><strong><em>stans</em></strong></span> <span class='ocrx_word' id='word_1_47' title='bbox 1434 1063 1563 1114; x_wconf 77' lang='lat' dir='ltr'><strong><em>amte</em></strong></span> 
     </span>
     <span class='ocr_line' id='line_1_11' title="bbox 361 1134 1563 1212; baseline -0.001 -20"><span class='ocrx_word' id='word_1_48' title='bbox 361 1134 587 1205; x_wconf 82' lang='lat' dir='ltr'><strong><em>Altare,</em></strong></span> <span class='ocrx_word' id='word_1_49' title='bbox 615 1134 995 1211; x_wconf 76' lang='lat' dir='ltr'><em>inclinatoque</em></span> <span class='ocrx_word' id='word_1_50' title='bbox 1034 1134 1216 1212; x_wconf 85' lang='lat' dir='ltr'><strong><em>capite</em></strong></span> <span class='ocrx_word' id='word_1_51' title='bbox 1241 1143 1291 1192; x_wconf 93' lang='lat' dir='ltr'><strong><em>et</em></strong></span> <span class='ocrx_word' id='word_1_52' title='bbox 1321 1155 1563 1211; x_wconf 86' lang='lat' dir='ltr'><strong><em>corpore,</em></strong></span> 
     </span>
     <span class='ocr_line' id='line_1_12' title="bbox 350 1212 1562 1289; baseline 0.001 -20"><span class='ocrx_word' id='word_1_53' title='bbox 350 1212 567 1289; x_wconf 83' lang='lat' dir='ltr'><strong><em>junctis</em></strong></span> <span class='ocrx_word' id='word_1_54' title='bbox 586 1213 849 1270; x_wconf 85' lang='lat' dir='ltr'><strong><em>manibus</em></strong></span> <span class='ocrx_word' id='word_1_55' title='bbox 868 1212 1025 1270; x_wconf 88' lang='lat' dir='ltr'><strong><em>dicat</em></strong></span> <span class='ocrx_word' id='word_1_56' title='bbox 1043 1213 1188 1271; x_wconf 86' lang='lat' dir='ltr'><strong><em>hanc</em></strong></span> <span class='ocrx_word' id='word_1_57' title='bbox 1217 1212 1562 1272; x_wconf 77' lang='lat' dir='ltr'><strong><em>Orationem.</em></strong></span> 
     </span>
    </p>

    <p class='ocr_par' dir='ltr' id='par_1_5' title="bbox 365 1290 1569 1675">
     <span class='ocr_line' id='line_1_13' title="bbox 441 1290 1566 1368; baseline -0.001 -20"><span class='ocrx_word' id='word_1_58' title='bbox 441 1290 517 1348; x_wconf 88' lang='lat' dir='ltr'><strong><em>In</em></strong></span> <span class='ocrx_word' id='word_1_59' title='bbox 549 1291 754 1368; x_wconf 83' lang='lat' dir='ltr'><strong><em>spiritu</em></strong></span> <span class='ocrx_word' id='word_1_60' title='bbox 794 1290 1132 1350; x_wconf 77' lang='lat' dir='ltr'><strong><em>humilitatis</em></strong></span> <span class='ocrx_word' id='word_1_61' title='bbox 1173 1299 1233 1350; x_wconf 83' lang='lat' dir='ltr'><strong><em>et</em></strong></span> <span class='ocrx_word' id='word_1_62' title='bbox 1272 1292 1334 1348; x_wconf 88' lang='lat' dir='ltr'><strong><em>in</em></strong></span> <span class='ocrx_word' id='word_1_63' title='bbox 1372 1291 1566 1349; x_wconf 84' lang='lat' dir='ltr'><strong><em>animo</em></strong></span> 
     </span>
     <span class='ocr_line' id='line_1_14' title="bbox 365 1368 1563 1447; baseline -0.001 -20"><span class='ocrx_word' id='word_1_64' title='bbox 365 1368 612 1427; x_wconf 78' lang='lat' dir='ltr'><strong><em>contrito</em></strong></span> <span class='ocrx_word' id='word_1_65' title='bbox 656 1369 1040 1447; x_wconf 78' lang='lat' dir='ltr'>suscipiamur,</span> <span class='ocrx_word' id='word_1_66' title='bbox 1084 1369 1346 1443; x_wconf 89' lang='lat' dir='ltr'><strong><em>Domine,</em></strong></span> <span class='ocrx_word' id='word_1_67' title='bbox 1392 1389 1428 1427; x_wconf 82' lang='lat' dir='ltr'><strong><em>a</em></strong></span> <span class='ocrx_word' id='word_1_68' title='bbox 1466 1377 1563 1428; x_wconf 77' lang='lat' dir='ltr'><strong><em>te:</em></strong></span> 
     </span>
     <span class='ocr_line' id='line_1_15' title="bbox 367 1446 1566 1507; baseline -0.003 0"><span class='ocrx_word' id='word_1_69' title='bbox 367 1456 425 1507; x_wconf 82' lang='lat' dir='ltr'><strong><em>et</em></strong></span> <span class='ocrx_word' id='word_1_70' title='bbox 450 1447 527 1506; x_wconf 90' lang='lat' dir='ltr'><strong><em>sic</em></strong></span> <span class='ocrx_word' id='word_1_71' title='bbox 554 1446 658 1505; x_wconf 82' lang='lat' dir='ltr'><strong><em>fiat</em></strong></span> <span class='ocrx_word' id='word_1_72' title='bbox 693 1447 1027 1506; x_wconf 82' lang='lat' dir='ltr'><strong><em>sacrificium</em></strong></span> <span class='ocrx_word' id='word_1_73' title='bbox 1056 1457 1313 1506; x_wconf 82' lang='lat' dir='ltr'><strong><em>nostrum</em></strong></span> <span class='ocrx_word' id='word_1_74' title='bbox 1349 1448 1409 1505; x_wconf 91' lang='lat' dir='ltr'><strong><em>in</em></strong></span> <span class='ocrx_word' id='word_1_75' title='bbox 1436 1468 1566 1505; x_wconf 88' lang='lat' dir='ltr'><strong><em>con-</em></strong></span> 
     </span>
     <span class='ocr_line' id='line_1_16' title="bbox 367 1526 1566 1604; baseline 0 -20"><span class='ocrx_word' id='word_1_76' title='bbox 367 1532 562 1604; x_wconf 79' lang='lat' dir='ltr'><strong><em>spectu</em></strong></span> <span class='ocrx_word' id='word_1_77' title='bbox 601 1533 719 1598; x_wconf 83' lang='lat' dir='ltr'><strong><em>tue,</em></strong></span> <span class='ocrx_word' id='word_1_78' title='bbox 747 1533 813 1583; x_wconf 82' lang='lat' dir='ltr'><strong><em>ut</em></strong></span> <span class='ocrx_word' id='word_1_79' title='bbox 837 1546 873 1583; x_wconf 83' lang='lat' dir='ltr'><strong><em>a.</em></strong></span> <span class='ocrx_word' id='word_1_80' title='bbox 910 1534 971 1585; x_wconf 80' lang='lat' dir='ltr'><strong><em>te</em></strong></span> <span class='ocrx_word' id='word_1_81' title='bbox 1006 1526 1149 1587; x_wconf 82' lang='lat' dir='ltr'><strong><em>susci</em></strong></span> <span class='ocrx_word' id='word_1_82' title='bbox 1189 1526 1342 1584; x_wconf 81' lang='lat' dir='ltr'><strong><em>iatur</em></strong></span> <span class='ocrx_word' id='word_1_83' title='bbox 1377 1526 1566 1598; x_wconf 85' lang='lat' dir='ltr'><strong><em>hodie,</em></strong></span> 
     </span>
     <span class='ocr_line' id='line_1_17' title="bbox 367 1603 1569 1675; baseline -0.002 -11"><span class='ocrx_word' id='word_1_84' title='bbox 367 1616 424 1664; x_wconf 84' lang='lat' dir='ltr'><strong><em>et</em></strong></span> <span class='ocrx_word' id='word_1_85' title='bbox 490 1603 670 1663; x_wconf 81' lang='lat' dir='ltr'><strong><em>laceat</em></strong></span> <span class='ocrx_word' id='word_1_86' title='bbox 696 1603 820 1675; x_wconf 78' lang='lat' dir='ltr'><strong><em>tibi,</em></strong></span> <span class='ocrx_word' id='word_1_87' title='bbox 849 1604 1094 1663; x_wconf 88' lang='lat' dir='ltr'><strong><em>Domine</em></strong></span> <span class='ocrx_word' id='word_1_88' title='bbox 1183 1624 1280 1664; x_wconf 87' lang='lat' dir='ltr'><strong><em>eus</em></strong></span> <span class='ocrx_word' id='word_1_89' title='bbox 1306 1603 1334 1643; x_wconf 68' lang='lat' dir='ltr'>b</span> <span class='ocrx_word' id='word_1_90' title='bbox 1361 1608 1569 1663; x_wconf 76' lang='lat' dir='ltr'><strong><em>meusb</em></strong></span> 
     </span>
    </p>

    <p class='ocr_par' dir='ltr' id='par_1_6' title="bbox 367 1682 1572 1987">
     <span class='ocr_line' id='line_1_18' title="bbox 507 1682 1570 1758; baseline -0.001 -18"><span class='ocrx_word' id='word_1_91' title='bbox 507 1690 529 1740; x_wconf 89' lang='lat' dir='ltr'><strong><em>t</em></strong></span> <span class='ocrx_word' id='word_1_92' title='bbox 567 1682 780 1758; x_wconf 77' lang='lat' dir='ltr'><strong><em>eriqens</em></strong></span> <span class='ocrx_word' id='word_1_93' title='bbox 819 1703 892 1753; x_wconf 91' lang='lat' dir='ltr'><strong><em>se,</em></strong></span> <span class='ocrx_word' id='word_1_94' title='bbox 919 1682 1260 1741; x_wconf 75' lang='lat' dir='ltr'><em>deosculetur</em></span> <span class='ocrx_word' id='word_1_95' title='bbox 1296 1682 1501 1740; x_wconf 85' lang='lat' dir='ltr'><strong><em>Altare</em></strong></span> <span class='ocrx_word' id='word_1_96' title='bbox 1533 1702 1570 1739; x_wconf 85' lang='lat' dir='ltr'><strong><em>a</em></strong></span> 
     </span>
     <span class='ocr_line' id='line_1_19' title="bbox 367 1760 1570 1837; baseline -0.002 -18"><span class='ocrx_word' id='word_1_97' title='bbox 367 1760 576 1819; x_wconf 77' lang='lat' dir='ltr'><strong><em>dextris</em></strong></span> <span class='ocrx_word' id='word_1_98' title='bbox 616 1760 894 1837; x_wconf 68' lang='lat' dir='ltr'><strong><em>sacrificii</em></strong></span> <span class='ocrx_word' id='word_1_99' title='bbox 922 1783 945 1832; x_wconf 92' lang='lat'><em>;</em></span> <span class='ocrx_word' id='word_1_100' title='bbox 1004 1770 1055 1819; x_wconf 90' lang='lat' dir='ltr'><strong><em>et</em></strong></span> <span class='ocrx_word' id='word_1_101' title='bbox 1088 1761 1232 1819; x_wconf 89' lang='lat' dir='ltr'><strong><em>dans</em></strong></span> <span class='ocrx_word' id='word_1_102' title='bbox 1275 1761 1570 1819; x_wconf 88' lang='lat' dir='ltr'><strong><em>benedicti-</em></strong></span> 
     </span>
     <span class='ocr_line' id='line_1_20' title="bbox 368 1838 1572 1917; baseline -0.001 -19"><span class='ocrx_word' id='word_1_103' title='bbox 368 1859 527 1898; x_wconf 88' lang='lat' dir='ltr'><strong><em>onem</em></strong></span> <span class='ocrx_word' id='word_1_104' title='bbox 563 1838 718 1896; x_wconf 84' lang='lat' dir='ltr'><strong><em>ultra</em></strong></span> <span class='ocrx_word' id='word_1_105' title='bbox 762 1839 1129 1916; x_wconf 69' lang='lat' dir='ltr'><strong><em>sacrificium,</em></strong></span> <span class='ocrx_word' id='word_1_106' title='bbox 1165 1847 1355 1917; x_wconf 85' lang='lat' dir='ltr'><strong><em>postea</em></strong></span> <span class='ocrx_word' id='word_1_107' title='bbox 1394 1839 1572 1915; x_wconf 76' lang='lat' dir='ltr'><strong><em>siynet</em></strong></span> 
     </span>
     <span class='ocr_line' id='line_1_21' title="bbox 369 1917 656 1987; baseline 0.003 -13"><span class='ocrx_word' id='word_1_108' title='bbox 369 1938 424 1976; x_wconf 87' lang='lat' dir='ltr'><strong><em>se</em></strong></span> <span class='ocrx_word' id='word_1_109' title='bbox 450 1917 656 1987; x_wconf 87' lang='lat' dir='ltr'><strong><em>dicens,</em></strong></span> 
     </span>
    </p>

    <p class='ocr_par' dir='ltr' id='par_1_7' title="bbox 453 1994 1145 2068">
     <span class='ocr_line' id='line_1_22' title="bbox 453 1994 1145 2068; baseline 0.004 -16"><span class='ocrx_word' id='word_1_110' title='bbox 453 1994 529 2052; x_wconf 91' lang='lat' dir='ltr'><strong><em>In</em></strong></span> <span class='ocrx_word' id='word_1_111' title='bbox 557 1995 789 2055; x_wconf 88' lang='lat' dir='ltr'><strong><em>nomine</em></strong></span> <span class='ocrx_word' id='word_1_112' title='bbox 817 1994 1023 2068; x_wconf 79' lang='lat' dir='ltr'><strong><em>Patris,</em></strong></span> <span class='ocrx_word' id='word_1_113' title='bbox 1050 1998 1145 2055; x_wconf 72' lang='grc' dir='ltr'><strong><em>ὥσ.</em></strong></span> 
     </span>
    </p>

    <p class='ocr_par' dir='ltr' id='par_1_8' title="bbox 374 2070 1573 2223">
     <span class='ocr_line' id='line_1_23' title="bbox 450 2070 1573 2152; baseline 0.002 -21"><span class='ocrx_word' id='word_1_114' title='bbox 450 2070 681 2132; x_wconf 88' lang='lat' dir='ltr'><strong><em>Deinde</em></strong></span> <span class='ocrx_word' id='word_1_115' title='bbox 706 2082 883 2131; x_wconf 85' lang='lat' dir='ltr'><strong><em>vertat</em></strong></span> <span class='ocrx_word' id='word_1_116' title='bbox 920 2094 975 2131; x_wconf 91' lang='lat' dir='ltr'><strong><em>se</em></strong></span> <span class='ocrx_word' id='word_1_117' title='bbox 999 2074 1249 2133; x_wconf 78' lang='lat' dir='ltr'><strong><em>sacerdos</em></strong></span> <span class='ocrx_word' id='word_1_118' title='bbox 1280 2075 1359 2133; x_wconf 89' lang='lat' dir='ltr'><strong><em>ad</em></strong></span> <span class='ocrx_word' id='word_1_119' title='bbox 1388 2094 1573 2152; x_wconf 87' lang='lat' dir='ltr'><strong><em>popu-</em></strong></span> 
     </span>
     <span class='ocr_line' id='line_1_24' title="bbox 374 2151 1140 2223; baseline 0 -13"><span class='ocrx_word' id='word_1_120' title='bbox 374 2152 511 2222; x_wconf 86' lang='lat' dir='ltr'><strong><em>lum,</em></strong></span> <span class='ocrx_word' id='word_1_121' title='bbox 540 2159 590 2210; x_wconf 88' lang='lat' dir='ltr'><strong><em>et</em></strong></span> <span class='ocrx_word' id='word_1_122' title='bbox 616 2152 792 2209; x_wconf 89' lang='lat' dir='ltr'><strong><em>tacita</em></strong></span> <span class='ocrx_word' id='word_1_123' title='bbox 818 2172 940 2209; x_wconf 87' lang='lat' dir='ltr'><strong><em>voce</em></strong></span> <span class='ocrx_word' id='word_1_124' title='bbox 966 2151 1140 2223; x_wconf 90' lang='lat' dir='ltr'><strong><em>dicat,</em></strong></span> 
     </span>
    </p>

    <p class='ocr_par' dir='ltr' id='par_1_9' title="bbox 368 2227 1574 2445">
     <span class='ocr_line' id='line_1_25' title="bbox 452 2227 1574 2306; baseline -0.001 -18"><span class='ocrx_word' id='word_1_125' title='bbox 452 2229 647 2300; x_wconf 80' lang='lat' dir='ltr'><strong><em>Orate,</em></strong></span> <span class='ocrx_word' id='word_1_126' title='bbox 675 2227 881 2288; x_wconf 75' lang='lat' dir='ltr'><strong><em>Fratres</em></strong></span> <span class='ocrx_word' id='word_1_127' title='bbox 907 2236 966 2287; x_wconf 84' lang='lat' dir='ltr'><strong><em>et</em></strong></span> <span class='ocrx_word' id='word_1_128' title='bbox 992 2248 1209 2288; x_wconf 87' lang='lat' dir='ltr'><strong><em>sorores</em></strong></span> <span class='ocrx_word' id='word_1_129' title='bbox 1234 2249 1342 2306; x_wconf 88' lang='lat' dir='ltr'><strong><em>pro</em></strong></span> <span class='ocrx_word' id='word_1_130' title='bbox 1367 2250 1480 2302; x_wconf 88' lang='lat' dir='ltr'><strong><em>me,</em></strong></span> <span class='ocrx_word' id='word_1_131' title='bbox 1508 2237 1574 2287; x_wconf 76' lang='lat' dir='ltr'><strong><em>ut</em></strong></span> 
     </span>
     <span class='ocr_line' id='line_1_26' title="bbox 372 2306 1574 2383; baseline 0 -18"><span class='ocrx_word' id='word_1_132' title='bbox 372 2326 563 2367; x_wconf 86' lang='lat' dir='ltr'><strong><em>meum</em></strong></span> <span class='ocrx_word' id='word_1_133' title='bbox 582 2306 909 2383; x_wconf 80' lang='lat' dir='ltr'><strong><em>pariterque</em></strong></span> <span class='ocrx_word' id='word_1_134' title='bbox 926 2314 1176 2364; x_wconf 80' lang='lat' dir='ltr'><strong><em>vestrum</em></strong></span> <span class='ocrx_word' id='word_1_135' title='bbox 1194 2315 1218 2346; x_wconf 81' lang='lat'><strong>⁰</strong></span> <span class='ocrx_word' id='word_1_136' title='bbox 1237 2327 1364 2365; x_wconf 80' lang='lat' dir='ltr'><strong><em>acce</em></strong></span> <span class='ocrx_word' id='word_1_137' title='bbox 1407 2316 1531 2365; x_wconf 85' lang='lat' dir='ltr'><strong><em>tum</em></strong></span> <span class='ocrx_word' id='word_1_138' title='bbox 1550 2315 1574 2346; x_wconf 82' lang='lat'><strong>⁰</strong></span> 
     </span>
     <span class='ocr_line' id='line_1_27' title="bbox 368 2328 1572 2445; baseline 0.002 -2"><span class='ocrx_word' id='word_1_139' title='bbox 368 2386 445 2443; x_wconf 83' lang='lat' dir='ltr'><strong><em>sit</em></strong></span> <span class='ocrx_word' id='word_1_140' title='bbox 466 2385 711 2442; x_wconf 88' lang='lat' dir='ltr'><strong><em>Domino</em></strong></span> <span class='ocrx_word' id='word_1_141' title='bbox 740 2382 867 2442; x_wconf 94' lang='lat' dir='ltr'><strong><em>Deo</em></strong></span> <span class='ocrx_word' id='word_1_142' title='bbox 894 2386 924 2424; x_wconf 75' lang='lat'><strong><em>‘¹</em></strong></span> <span class='ocrx_word' id='word_1_143' title='bbox 945 2392 1139 2442; x_wconf 85' lang='lat' dir='ltr'><strong><em>nostro</em></strong></span> <span class='ocrx_word' id='word_1_144' title='bbox 1158 2382 1188 2420; x_wconf 79' lang='lat'><strong><em>‘¹</em></strong></span> <span class='ocrx_word' id='word_1_145' title='bbox 1214 2328 1572 2445; x_wconf 57' lang='lat' dir='ltr'><strong><em>sacrigcium.</em></strong></span> 
     </span>
    </p>

    <p class='ocr_par' dir='ltr' id='par_1_10' title="bbox 449 2461 1380 2541">
     <span class='ocr_line' id='line_1_28' title="bbox 449 2461 1380 2541; baseline 0.001 -21"><span class='ocrx_word' id='word_1_146' title='bbox 449 2461 759 2539; x_wconf 76' lang='lat' dir='ltr'><strong><em>Responsio</em></strong></span> <span class='ocrx_word' id='word_1_147' title='bbox 787 2469 811 2499; x_wconf 65' lang='grc' dir='ltr'>θ</span> <span class='ocrx_word' id='word_1_148' title='bbox 827 2462 1017 2521; x_wconf 87' lang='lat' dir='ltr'><strong><em>clerici</em></strong></span> <span class='ocrx_word' id='word_1_149' title='bbox 1038 2470 1061 2499; x_wconf 67' lang='grc' dir='ltr'>θ</span> <span class='ocrx_word' id='word_1_150' title='bbox 1078 2462 1380 2541; x_wconf 88' lang='lat' dir='ltr'><strong><em>privatim,</em></strong></span> 
     </span>
    </p>

    <p class='ocr_par' dir='ltr' id='par_1_11' title="bbox 367 2539 1576 2915">
     <span class='ocr_line' id='line_1_29' title="bbox 450 2539 1575 2620; baseline -0.002 -19"><span class='ocrx_word' id='word_1_151' title='bbox 450 2539 697 2619; x_wconf 82' lang='lat' dir='ltr'><strong><em>Spiritus</em></strong></span> <span class='ocrx_word' id='word_1_152' title='bbox 727 2540 921 2601; x_wconf 82' lang='lat' dir='ltr'><strong>Sancti</strong></span> <span class='ocrx_word' id='word_1_153' title='bbox 955 2544 1143 2620; x_wconf 80' lang='lat' dir='ltr'><strong><em>gratia</em></strong></span> <span class='ocrx_word' id='word_1_154' title='bbox 1166 2540 1451 2601; x_wconf 82' lang='lat' dir='ltr'><strong><em>illuminet</em></strong></span> <span class='ocrx_word' id='word_1_155' title='bbox 1476 2562 1575 2601; x_wconf 91' lang='lat' dir='ltr'><strong><em>cor</em></strong></span> 
     </span>
     <span class='ocr_line' id='line_1_30' title="bbox 367 2618 1573 2698; baseline 0 -20"><span class='ocrx_word' id='word_1_156' title='bbox 367 2627 531 2678; x_wconf 79' lang='lat' dir='ltr'><strong><em>tuum</em></strong></span> <span class='ocrx_word' id='word_1_157' title='bbox 553 2625 614 2678; x_wconf 78' lang='lat' dir='ltr'><strong><em>et</em></strong></span> <span class='ocrx_word' id='word_1_158' title='bbox 638 2618 788 2677; x_wconf 80' lang='lat' dir='ltr'><strong><em>labia</em></strong></span> <span class='ocrx_word' id='word_1_159' title='bbox 805 2627 921 2691; x_wconf 83' lang='lat' dir='ltr'><strong><em>tua,</em></strong></span> <span class='ocrx_word' id='word_1_160' title='bbox 945 2629 1005 2679; x_wconf 80' lang='lat' dir='ltr'><strong><em>et</em></strong></span> <span class='ocrx_word' id='word_1_161' title='bbox 1028 2620 1264 2698; x_wconf 78' lang='lat' dir='ltr'><strong><em>accipiat</em></strong></span> <span class='ocrx_word' id='word_1_162' title='bbox 1294 2621 1573 2679; x_wconf 86' lang='lat' dir='ltr'><strong><em>Dominus</em></strong></span> 
     </span>
     <span class='ocr_line' id='line_1_31' title="bbox 370 2696 1575 2777; baseline 0.001 -22"><span class='ocrx_word' id='word_1_163' title='bbox 370 2697 544 2777; x_wconf 85' lang='lat' dir='ltr'><strong><em>digne</em></strong></span> <span class='ocrx_word' id='word_1_164' title='bbox 575 2696 681 2758; x_wconf 90' lang='lat' dir='ltr'><strong><em>hoc</em></strong></span> <span class='ocrx_word' id='word_1_165' title='bbox 711 2698 1049 2757; x_wconf 81' lang='lat' dir='ltr'><strong><em>sacrificium</em></strong></span> <span class='ocrx_word' id='word_1_166' title='bbox 1084 2699 1263 2758; x_wconf 80' lang='lat' dir='ltr'><strong><em>laudis</em></strong></span> <span class='ocrx_word' id='word_1_167' title='bbox 1293 2700 1367 2759; x_wconf 85' lang='lat' dir='ltr'><strong><em>de</em></strong></span> <span class='ocrx_word' id='word_1_168' title='bbox 1394 2699 1575 2758; x_wconf 81' lang='lat' dir='ltr'><strong><em>mani-</em></strong></span> 
     </span>
     <span class='ocr_line' id='line_1_32' title="bbox 368 2775 1576 2858; baseline 0.001 -22"><span class='ocrx_word' id='word_1_169' title='bbox 368 2779 473 2836; x_wconf 89' lang='lat' dir='ltr'><strong><em>bus</em></strong></span> <span class='ocrx_word' id='word_1_170' title='bbox 513 2775 624 2837; x_wconf 85' lang='lat' dir='ltr'><strong><em>tuis</em></strong></span> <span class='ocrx_word' id='word_1_171' title='bbox 663 2797 769 2858; x_wconf 88' lang='lat' dir='ltr'><strong><em>pro</em></strong></span> <span class='ocrx_word' id='word_1_172' title='bbox 801 2777 1044 2857; x_wconf 80' lang='lat' dir='ltr'><strong><em>peccatis</em></strong></span> <span class='ocrx_word' id='word_1_173' title='bbox 1079 2787 1138 2838; x_wconf 84' lang='lat' dir='ltr'><strong><em>et</em></strong></span> <span class='ocrx_word' id='word_1_174' title='bbox 1170 2777 1576 2839; x_wconf 86' lang='lat' dir='ltr'><strong><em>offensionibus</em></strong></span> 
     </span>
     <span class='ocr_line' id='line_1_33' title="bbox 372 2855 601 2915; baseline -0.017 0"><span class='ocrx_word' id='word_1_175' title='bbox 372 2855 601 2915; x_wconf 78' lang='lat' dir='ltr'><strong><em>nostris.</em></strong></span> 
     </span>
    </p>

    <p class='ocr_par' dir='ltr' id='par_1_12' title="bbox 372 2933 1580 3303">
     <span class='ocr_line' id='line_1_34' title="bbox 460 2933 1580 3013; baseline 0 -20"><span class='ocrx_word' id='word_1_176' title='bbox 460 2941 482 2980; x_wconf 80' lang='lat' dir='ltr'>f</span> <span class='ocrx_word' id='word_1_177' title='bbox 499 2934 581 2993; x_wconf 91' lang='lat' dir='ltr'><strong><em>In</em></strong></span> <span class='ocrx_word' id='word_1_178' title='bbox 606 2933 793 2991; x_wconf 88' lang='lat' dir='ltr'><strong><em>missis</em></strong></span> <span class='ocrx_word' id='word_1_179' title='bbox 819 2954 944 2991; x_wconf 84' lang='lat' dir='ltr'><strong><em>vero</em></strong></span> <span class='ocrx_word' id='word_1_180' title='bbox 974 2955 1087 3011; x_wconf 90' lang='lat' dir='ltr'><strong><em>pro</em></strong></span> <span class='ocrx_word' id='word_1_181' title='bbox 1125 2935 1420 3013; x_wconf 79' lang='lat' dir='ltr'><strong><em>defunctis,</em></strong></span> <span class='ocrx_word' id='word_1_182' title='bbox 1450 2942 1580 3013; x_wconf 90' lang='lat' dir='ltr'><strong><em>post</em></strong></span> 
     </span>
     <span class='ocr_line' id='line_1_35' title="bbox 375 3013 1577 3085; baseline 0.001 -15"><span class='ocrx_word' id='word_1_183' title='bbox 375 3013 711 3070; x_wconf 85' lang='lat' dir='ltr'><strong><em>ablutionem</em></strong></span> <span class='ocrx_word' id='word_1_184' title='bbox 737 3032 1012 3070; x_wconf 86' lang='lat' dir='ltr'><strong><em>manuum</em></strong></span> <span class='ocrx_word' id='word_1_185' title='bbox 1037 3014 1354 3085; x_wconf 89' lang='lat' dir='ltr'><strong><em>sacerdotis,</em></strong></span> <span class='ocrx_word' id='word_1_186' title='bbox 1381 3014 1577 3071; x_wconf 88' lang='lat' dir='ltr'><strong><em>statim</em></strong></span> 
     </span>
     <span class='ocr_line' id='line_1_36' title="bbox 372 3090 1578 3167; baseline 0 -19"><span class='ocrx_word' id='word_1_187' title='bbox 372 3090 618 3167; x_wconf 72' lang='lat' dir='ltr'><strong><em>incipiat</em></strong></span> <span class='ocrx_word' id='word_1_188' title='bbox 663 3090 913 3148; x_wconf 81' lang='lat' dir='ltr'><strong><em>sacerdos</em></strong></span> <span class='ocrx_word' id='word_1_189' title='bbox 946 3091 1164 3167; x_wconf 71' lang='lat' dir='ltr'><strong><em>junctis</em></strong></span> <span class='ocrx_word' id='word_1_190' title='bbox 1208 3092 1469 3150; x_wconf 78' lang='lat' dir='ltr'><strong><em>manibus</em></strong></span> <span class='ocrx_word' id='word_1_191' title='bbox 1510 3092 1578 3149; x_wconf 86' lang='lat' dir='ltr'><strong><em>in</em></strong></span> 
     </span>
     <span class='ocr_line' id='line_1_37' title="bbox 375 3167 1575 3303; baseline 0.002 -78"><span class='ocrx_word' id='word_1_192' title='bbox 375 3168 559 3303; x_wconf 49' lang='lat' dir='ltr'><strong><em>bnedio</em></strong></span> <span class='ocrx_word' id='word_1_193' title='bbox 597 3167 844 3241; x_wconf 82' lang='lat' dir='ltr'><strong><em>Altaris,</em></strong></span> <span class='ocrx_word' id='word_1_194' title='bbox 887 3190 1173 3229; x_wconf 87' lang='lat' dir='ltr'><strong><em>conversus</em></strong></span> <span class='ocrx_word' id='word_1_195' title='bbox 1215 3171 1294 3228; x_wconf 91' lang='lat' dir='ltr'><strong><em>ad</em></strong></span> <span class='ocrx_word' id='word_1_196' title='bbox 1349 3169 1575 3241; x_wconf 83' lang='lat' dir='ltr'><strong><em>Altare,</em></strong></span> 
     </span>
    </p>

    <p class='ocr_par' dir='ltr' id='par_1_13' title="bbox 415 3267 679 3305">
     <span class='ocr_line' id='line_1_38' title="bbox 415 3267 679 3305; baseline 0.004 -2"><span class='ocrx_word' id='word_1_197' title='bbox 415 3267 562 3305; x_wconf 78' lang='lat' dir='ltr'><strong><em>icens</em></strong></span> <span class='ocrx_word' id='word_1_198' title='bbox 581 3269 679 3304; x_wconf 82' lang='lat'><strong><em>:—</em></strong></span> 
     </span>
    </p>
   </div>
   <div class='ocr_carea' id='block_1_3' title="bbox 409 3363 1572 3482">
    <p class='ocr_par' dir='ltr' id='par_1_14' title="bbox 409 3363 1572 3482">
     <span class='ocr_line' id='line_1_39' title="bbox 409 3363 1572 3482; baseline 0.002 -2"><span class='ocrx_word' id='word_1_199' title='bbox 409 3363 1572 3482; x_wconf 53' lang='lat' dir='ltr'><em>Q</em></span> 
     </span>
    </p>
   </div>
   <div class='ocr_carea' id='block_1_4' title="bbox 455 3503 1580 3585">
    <p class='ocr_par' dir='ltr' id='par_1_15' title="bbox 455 3503 1580 3585">
     <span class='ocr_line' id='line_1_40' title="bbox 455 3503 1580 3585; baseline 0 -21"><span class='ocrx_word' id='word_1_200' title='bbox 455 3505 744 3565; x_wconf 77' lang='lat' dir='ltr'><strong><em>Hos-ti-as</em></strong></span> <span class='ocrx_word' id='word_1_201' title='bbox 787 3515 848 3565; x_wconf 83' lang='lat' dir='ltr'><strong><em>et</em></strong></span> <span class='ocrx_word' id='word_1_202' title='bbox 889 3523 1110 3585; x_wconf 86' lang='lat' dir='ltr'><strong><em>pre-ces</em></strong></span> <span class='ocrx_word' id='word_1_203' title='bbox 1143 3503 1267 3576; x_wconf 80' lang='lat' dir='ltr'><strong><em>tibi,</em></strong></span> <span class='ocrx_word' id='word_1_204' title='bbox 1310 3504 1580 3579; x_wconf 85' lang='lat' dir='ltr'><strong><em>Domine,</em></strong></span> 
     </span>
    </p>
   </div>
   <div class='ocr_carea' id='block_1_5' title="bbox 376 3619 769 3749">
    <p class='ocr_par' dir='ltr' id='par_1_16' title="bbox 376 3619 769 3749">
     <span class='ocr_line' id='line_1_41' title="bbox 376 3619 769 3749; baseline 0 0"><span class='ocrx_word' id='word_1_205' title='bbox 376 3619 769 3749; x_wconf 48' lang='grc' dir='ltr'>ᾗ</span> 
     </span>
    </p>
   </div>
   <div class='ocr_carea' id='block_1_6' title="bbox 377 3760 785 3821">
    <p class='ocr_par' dir='ltr' id='par_1_17' title="bbox 377 3760 785 3821">
     <span class='ocr_line' id='line_1_42' title="bbox 377 3760 785 3821; baseline -0.007 -1"><span class='ocrx_word' id='word_1_206' title='bbox 377 3760 467 3821; x_wconf 77' lang='lat' dir='ltr'><strong><em>df·</em></strong></span> <span class='ocrx_word' id='word_1_207' title='bbox 479 3760 785 3820; x_wconf 87' lang='lat' dir='ltr'><strong><em>fe-ri-mus.</em></strong></span> 
     </span>
    </p>
   </div>
   <div class='ocr_carea' id='block_1_7' title="bbox 380 3860 1579 4173">
    <p class='ocr_par' dir='ltr' id='par_1_18' title="bbox 380 3860 1579 4173">
     <span class='ocr_line' id='line_1_43' title="bbox 456 3860 1431 3942; baseline 0.001 -18"><span class='ocrx_word' id='word_1_208' title='bbox 456 3865 540 3924; x_wconf 86' lang='lat' dir='ltr'><strong><em>Et</em></strong></span> <span class='ocrx_word' id='word_1_209' title='bbox 560 3865 756 3924; x_wconf 86' lang='lat' dir='ltr'><strong><em>chorus</em></strong></span> <span class='ocrx_word' id='word_1_210' title='bbox 783 3860 1064 3921; x_wconf 81' lang='lat' dir='ltr'><strong><em>ccmtando</em></strong></span> <span class='ocrx_word' id='word_1_211' title='bbox 1089 3865 1431 3942; x_wconf 76' lang='lat' dir='ltr'><strong><em>respondeat,</em></strong></span> 
     </span>
     <span class='ocr_line' id='line_1_44' title="bbox 424 3941 1579 4023; baseline 0.002 -20"><span class='ocrx_word' id='word_1_212' title='bbox 424 3944 514 4003; x_wconf 75' lang='lat' dir='ltr'><strong><em>&#39;ru</em></strong></span> <span class='ocrx_word' id='word_1_213' title='bbox 531 3943 746 4021; x_wconf 81' lang='lat' dir='ltr'><strong><em>suscipe</em></strong></span> <span class='ocrx_word' id='word_1_214' title='bbox 768 3960 873 4020; x_wconf 89' lang='lat' dir='ltr'><strong><em>pro</em></strong></span> <span class='ocrx_word' id='word_1_215' title='bbox 888 3941 1178 4002; x_wconf 81' lang='lat' dir='ltr'><strong><em>animabus</em></strong></span> <span class='ocrx_word' id='word_1_216' title='bbox 1194 3943 1322 4016; x_wconf 89' lang='lat' dir='ltr'><strong><em>illis,</em></strong></span> <span class='ocrx_word' id='word_1_217' title='bbox 1340 3965 1579 4023; x_wconf 81' lang='lat' dir='ltr'><strong><em>quarum</em></strong></span> 
     </span>
     <span class='ocr_line' id='line_1_45' title="bbox 380 4020 1579 4099; baseline 0.004 -19"><span class='ocrx_word' id='word_1_218' title='bbox 380 4022 549 4082; x_wconf 90' lang='lat' dir='ltr'><strong><em>hodie</em></strong></span> <span class='ocrx_word' id='word_1_219' title='bbox 570 4021 905 4081; x_wconf 81' lang='lat' dir='ltr'><strong><em>memoriam</em></strong></span> <span class='ocrx_word' id='word_1_220' title='bbox 927 4020 1176 4099; x_wconf 74' lang='lat' dir='ltr'><strong><em>agimu83</em></strong></span> <span class='ocrx_word' id='word_1_221' title='bbox 1217 4022 1304 4082; x_wconf 84' lang='lat' dir='ltr'><strong><em>fac</em></strong></span> <span class='ocrx_word' id='word_1_222' title='bbox 1329 4044 1439 4098; x_wconf 83' lang='lat' dir='ltr'><strong><em>eas,</em></strong></span> <span class='ocrx_word' id='word_1_223' title='bbox 1463 4026 1579 4084; x_wconf 91' lang='lat' dir='ltr'><strong><em>Do-</em></strong></span> 
     </span>
     <span class='ocr_line' id='line_1_46' title="bbox 380 4099 1458 4173; baseline 0.007 -15"><span class='ocrx_word' id='word_1_224' title='bbox 380 4101 556 4173; x_wconf 87' lang='lat' dir='ltr'><strong><em>mine,</em></strong></span> <span class='ocrx_word' id='word_1_225' title='bbox 582 4100 656 4159; x_wconf 85' lang='lat' dir='ltr'><strong><em>de</em></strong></span> <span class='ocrx_word' id='word_1_226' title='bbox 683 4106 870 4158; x_wconf 81' lang='lat' dir='ltr'><strong><em>morte</em></strong></span> <span class='ocrx_word' id='word_1_227' title='bbox 896 4099 1140 4161; x_wconf 80' lang='lat' dir='ltr'><strong><em>transire</em></strong></span> <span class='ocrx_word' id='word_1_228' title='bbox 1165 4101 1239 4161; x_wconf 86' lang='lat' dir='ltr'><strong><em>ad</em></strong></span> <span class='ocrx_word' id='word_1_229' title='bbox 1266 4102 1458 4166; x_wconf 80' lang='lat' dir='ltr'><strong><em>vitam.</em></strong></span> 
     </span>
    </p>
   </div>
   <div class='ocr_carea' id='block_1_8' title="bbox 378 4225 1512 4436">
    <p class='ocr_par' dir='ltr' id='par_1_19' title="bbox 378 4225 1512 4436">
     <span class='ocr_line' id='line_1_47' title="bbox 379 4225 1233 4284; baseline 0.006 -5"><span class='ocrx_word' id='word_1_230' title='bbox 379 4235 407 4264; x_wconf 77' lang='lat'>⁸</span> <span class='ocrx_word' id='word_1_231' title='bbox 442 4243 554 4280; x_wconf 92' lang='lat' dir='ltr'><strong><em>non</em></strong></span> <span class='ocrx_word' id='word_1_232' title='bbox 578 4226 783 4282; x_wconf 80' lang='lat' dir='ltr'><strong><em>habent</em></strong></span> <span class='ocrx_word' id='word_1_233' title='bbox 808 4225 893 4281; x_wconf 83' lang='lat'><strong><em>92.</em></strong></span> <span class='ocrx_word' id='word_1_234' title='bbox 921 4225 1005 4282; x_wconf 89' lang='grc'><strong><em>94.</em></strong></span> <span class='ocrx_word' id='word_1_235' title='bbox 1033 4226 1118 4282; x_wconf 88' lang='grc'><strong><em>97.</em></strong></span> <span class='ocrx_word' id='word_1_236' title='bbox 1146 4227 1233 4284; x_wconf 90' lang='grc'><strong><em>98.</em></strong></span> 
     </span>
     <span class='ocr_line' id='line_1_48' title="bbox 378 4296 1512 4358; baseline 0.01 -11"><span class='ocrx_word' id='word_1_237' title='bbox 378 4296 408 4335; x_wconf 75' lang='lat' dir='ltr'><strong><em>b</em></strong></span> <span class='ocrx_word' id='word_1_238' title='bbox 443 4312 554 4350; x_wconf 87' lang='lat' dir='ltr'><strong><em>non</em></strong></span> <span class='ocrx_word' id='word_1_239' title='bbox 577 4296 780 4352; x_wconf 79' lang='lat' dir='ltr'><strong><em>habent</em></strong></span> <span class='ocrx_word' id='word_1_240' title='bbox 804 4297 888 4351; x_wconf 87' lang='lat'><strong><em>92.</em></strong></span> <span class='ocrx_word' id='word_1_241' title='bbox 917 4297 1001 4352; x_wconf 90' lang='lat'><strong><em>94.</em></strong></span> <span class='ocrx_word' id='word_1_242' title='bbox 1029 4298 1114 4353; x_wconf 87' lang='lat'><strong><em>98.</em></strong></span> <span class='ocrx_word' id='word_1_243' title='bbox 1139 4298 1238 4356; x_wconf 61' lang='lat'><strong><em>411.</em></strong></span> <span class='ocrx_word' id='word_1_244' title='bbox 1266 4301 1349 4356; x_wconf 85' lang='lat'><strong><em>57.</em></strong></span> <span class='ocrx_word' id='word_1_245' title='bbox 1377 4299 1512 4358; x_wconf 87' lang='lat' dir='ltr'><strong>B56.</strong></span> 
     </span>
     <span class='ocr_line' id='line_1_49' title="bbox 382 4366 922 4436; baseline 0.007 -18"><span class='ocrx_word' id='word_1_246' title='bbox 382 4374 407 4403; x_wconf 59' lang='grc' dir='ltr'><strong>θ</strong></span> <span class='ocrx_word' id='word_1_247' title='bbox 441 4367 807 4436; x_wconf 68' lang='lat' dir='ltr'><strong><em>aptum—94.</em></strong></span> <span class='ocrx_word' id='word_1_248' title='bbox 837 4366 922 4424; x_wconf 87' lang='grc'><strong><em>97.</em></strong></span> 
     </span>
    </p>
   </div>
   <div class='ocr_carea' id='block_1_9' title="bbox 381 4434 1471 4566">
    <p class='ocr_par' dir='ltr' id='par_1_20' title="bbox 381 4434 1471 4566">
     <span class='ocr_line' id='line_1_50' title="bbox 381 4434 1471 4497; baseline 0.01 -11"><span class='ocrx_word' id='word_1_249' title='bbox 381 4434 410 4472; x_wconf 73' lang='lat'><strong><em>¹¹</em></strong></span> <span class='ocrx_word' id='word_1_250' title='bbox 448 4451 558 4489; x_wconf 86' lang='lat' dir='ltr'><strong><em>non</em></strong></span> <span class='ocrx_word' id='word_1_251' title='bbox 581 4436 785 4493; x_wconf 71' lang='lat' dir='ltr'><strong><em>habent.</em></strong></span> <span class='ocrx_word' id='word_1_252' title='bbox 808 4438 892 4494; x_wconf 87' lang='lat'><strong><em>92.</em></strong></span> <span class='ocrx_word' id='word_1_253' title='bbox 921 4437 1006 4494; x_wconf 86' lang='lat'><strong><em>98.</em></strong></span> <span class='ocrx_word' id='word_1_254' title='bbox 1035 4437 1198 4496; x_wconf 86' lang='lat' dir='ltr'><strong>8RM.</strong></span> <span class='ocrx_word' id='word_1_255' title='bbox 1225 4440 1311 4496; x_wconf 83' lang='lat'><strong><em>57.</em></strong></span> <span class='ocrx_word' id='word_1_256' title='bbox 1336 4439 1471 4497; x_wconf 81' lang='lat'><strong>1356.</strong></span> 
     </span>
     <span class='ocr_line' id='line_1_51' title="bbox 382 4504 884 4566; baseline 0.012 -7"><span class='ocrx_word' id='word_1_257' title='bbox 382 4513 406 4544; x_wconf 63' lang='grc' dir='ltr'><strong>θ</strong></span> <span class='ocrx_word' id='word_1_258' title='bbox 443 4504 747 4566; x_wconf 52' lang='lat' dir='ltr'><strong><em>oleri—98.</em></strong></span> <span class='ocrx_word' id='word_1_259' title='bbox 877 4529 884 4534; x_wconf 87' lang='lat'><strong>·</strong></span> 
     </span>
    </p>
   </div>
   <div class='ocr_carea' id='block_1_10' title="bbox 1222 271 2004 327">
    <p class='ocr_par' dir='ltr' id='par_1_21' title="bbox 1222 271 2004 327">
     <span class='ocr_line' id='line_1_52' title="bbox 1222 271 2004 327; baseline -0.009 0"><span class='ocrx_word' id='word_1_260' title='bbox 1222 271 1688 327; x_wconf 73' lang='lat' dir='ltr'>ORDINARIUM</span> <span class='ocrx_word' id='word_1_261' title='bbox 1748 271 2004 323; x_wconf 73' lang='lat' dir='ltr'><strong>MISSAE.</strong></span> 
     </span>
    </p>
   </div>
   <div class='ocr_carea' id='block_1_11' title="bbox 2742 254 2857 320">
    <p class='ocr_par' dir='ltr' id='par_1_22' title="bbox 2742 223 2959 364">
     <span class='ocr_line' id='line_1_53' title="bbox 2742 254 2857 320; baseline 0.005 -1"><span class='ocrx_word' id='word_1_262' title='bbox 2742 254 2857 320; x_wconf 83' lang='lat'><strong><em>596</em></strong></span> 
     </span>
    </p>
   </div>
   <div class='ocr_carea' id='block_1_12' title="bbox 1663 425 2959 745">
    <p class='ocr_par' dir='ltr' id='par_1_23' title="bbox 1663 425 2959 745">
     <span class='ocr_line' id='line_1_54' title="bbox 1746 425 2575 498; baseline -0.005 -11"><span class='ocrx_word' id='word_1_263' title='bbox 1746 429 1831 488; x_wconf 82' lang='lat' dir='ltr'><strong><em>Et</em></strong></span> <span class='ocrx_word' id='word_1_264' title='bbox 1864 428 2097 487; x_wconf 83' lang='lat' dir='ltr'><strong><em>interim</em></strong></span> <span class='ocrx_word' id='word_1_265' title='bbox 2120 426 2278 485; x_wconf 86' lang='lat' dir='ltr'><strong><em>dicat</em></strong></span> <span class='ocrx_word' id='word_1_266' title='bbox 2302 425 2575 498; x_wconf 80' lang='lat' dir='ltr'><strong><em>sacerdos,</em></strong></span> 
     </span>
     <span class='ocr_line' id='line_1_55' title="bbox 1752 505 2959 585; baseline -0.006 -19"><span class='ocrx_word' id='word_1_267' title='bbox 1752 508 1828 566; x_wconf 88' lang='lat' dir='ltr'><strong><em>In</em></strong></span> <span class='ocrx_word' id='word_1_268' title='bbox 1854 508 2059 585; x_wconf 80' lang='lat' dir='ltr'><strong><em>spiritu</em></strong></span> <span class='ocrx_word' id='word_1_269' title='bbox 2085 505 2444 564; x_wconf 78' lang='lat' dir='ltr'><strong><em>humilitatis.</em></strong></span> <span class='ocrx_word' id='word_1_270' title='bbox 2958 529 2959 584; x_wconf 49' lang='lat'><em>3</em></span> 
     </span>
     <span class='ocr_line' id='line_1_56' title="bbox 1748 584 2959 656; baseline -0.002 -12"><span class='ocrx_word' id='word_1_271' title='bbox 1748 586 1974 644; x_wconf 88' lang='lat' dir='ltr'><strong><em>Deinde</em></strong></span> <span class='ocrx_word' id='word_1_272' title='bbox 2013 585 2208 642; x_wconf 86' lang='lat' dir='ltr'><strong><em>statim</em></strong></span> <span class='ocrx_word' id='word_1_273' title='bbox 2249 584 2425 656; x_wconf 87' lang='lat' dir='ltr'><strong><em>dicat,</em></strong></span> <span class='ocrx_word' id='word_1_274' title='bbox 2466 602 2750 642; x_wconf 84' lang='lat' dir='ltr'><strong><em>conversus</em></strong></span> <span class='ocrx_word' id='word_1_275' title='bbox 2791 585 2858 641; x_wconf 81' lang='lat' dir='ltr'><strong><em>acl</em></strong></span> <span class='ocrx_word' id='word_1_276' title='bbox 2958 589 2959 646; x_wconf 65' lang='grc' dir='ltr'>ἒ</span> 
     </span>
     <span class='ocr_line' id='line_1_57' title="bbox 1663 663 2439 745; baseline -0.004 -23"><span class='ocrx_word' id='word_1_277' title='bbox 1663 664 1961 745; x_wconf 83' lang='lat' dir='ltr'><strong><em>populum,</em></strong></span> <span class='ocrx_word' id='word_1_278' title='bbox 1990 663 2168 721; x_wconf 88' lang='lat' dir='ltr'><strong><em>tacita</em></strong></span> <span class='ocrx_word' id='word_1_279' title='bbox 2191 683 2315 720; x_wconf 84' lang='lat' dir='ltr'><strong><em>voce</em></strong></span> <span class='ocrx_word' id='word_1_280' title='bbox 2341 684 2439 720; x_wconf 87' lang='lat'><strong><em>:-</em></strong></span> 
     </span>
    </p>
   </div>
   <div class='ocr_carea' id='block_1_13' title="bbox 1756 740 2959 817">
    <p class='ocr_par' dir='ltr' id='par_1_24' title="bbox 1756 740 2959 817">
     <span class='ocr_line' id='line_1_58' title="bbox 1756 740 2959 817; baseline -0.004 -15"><span class='ocrx_word' id='word_1_281' title='bbox 1756 743 1956 815; x_wconf 81' lang='lat' dir='ltr'><strong><em>Orate,</em></strong></span> <span class='ocrx_word' id='word_1_282' title='bbox 1976 741 2182 801; x_wconf 81' lang='lat' dir='ltr'><strong><em>fratres</em></strong></span> <span class='ocrx_word' id='word_1_283' title='bbox 2208 749 2269 800; x_wconf 83' lang='lat' dir='ltr'><strong><em>et</em></strong></span> <span class='ocrx_word' id='word_1_284' title='bbox 2294 759 2534 812; x_wconf 78' lang='lat' dir='ltr'><strong><em>sororeS,</em></strong></span> <span class='ocrx_word' id='word_1_285' title='bbox 2562 759 2670 817; x_wconf 83' lang='lat' dir='ltr'><strong><em>pro</em></strong></span> <span class='ocrx_word' id='word_1_286' title='bbox 2694 740 2857 799; x_wconf 81' lang='lat' dir='ltr'><strong><em>fideli·</em></strong></span> <span class='ocrx_word' id='word_1_287' title='bbox 2958 753 2959 762; x_wconf 60' lang='lat'>¹</span> 
     </span>
    </p>
   </div>
   <div class='ocr_carea' id='block_1_14' title="bbox 1673 819 2959 4184">
    <p class='ocr_par' dir='ltr' id='par_1_25' title="bbox 1673 819 2101 881">
     <span class='ocr_line' id='line_1_59' title="bbox 1673 819 2101 881; baseline -0.009 0"><span class='ocrx_word' id='word_1_288' title='bbox 1673 825 1778 881; x_wconf 91' lang='lat' dir='ltr'><strong><em>bus</em></strong></span> <span class='ocrx_word' id='word_1_289' title='bbox 1804 819 2101 879; x_wconf 77' lang='lat' dir='ltr'><strong><em>defunctis,</em></strong></span> 
     </span>
    </p>

    <p class='ocr_par' dir='ltr' id='par_1_26' title="bbox 1756 896 2959 976">
     <span class='ocr_line' id='line_1_60' title="bbox 1756 896 2959 976; baseline -0.003 -20"><span class='ocrx_word' id='word_1_290' title='bbox 1756 898 2065 976; x_wconf 78' lang='lat' dir='ltr'><strong><em>Responsio</em></strong></span> <span class='ocrx_word' id='word_1_291' title='bbox 2091 909 2120 948; x_wconf 79' lang='lat'><em>8</em></span> <span class='ocrx_word' id='word_1_292' title='bbox 2138 896 2330 956; x_wconf 86' lang='lat' dir='ltr'><strong><em>clerici</em></strong></span> <span class='ocrx_word' id='word_1_293' title='bbox 2348 903 2376 942; x_wconf 73' lang='lat'><strong>8</strong></span> <span class='ocrx_word' id='word_1_294' title='bbox 2402 896 2703 954; x_wconf 87' lang='lat' dir='ltr'><strong><em>cantando.</em></strong></span> <span class='ocrx_word' id='word_1_295' title='bbox 2958 939 2959 966; x_wconf 50' lang='lat'>3</span> 
     </span>
    </p>

    <p class='ocr_par' dir='ltr' id='par_1_27' title="bbox 1680 975 2959 1212">
     <span class='ocr_line' id='line_1_61' title="bbox 1743 975 2959 1056; baseline -0.007 -20"><span class='ocrx_word' id='word_1_296' title='bbox 1743 977 2022 1056; x_wconf 74' lang='lat' dir='ltr'><strong><em>Requiem</em></strong></span> <span class='ocrx_word' id='word_1_297' title='bbox 2039 985 2314 1035; x_wconf 78' lang='lat' dir='ltr'><strong><em>aeternam</em></strong></span> <span class='ocrx_word' id='word_1_298' title='bbox 2331 975 2480 1032; x_wconf 83' lang='lat' dir='ltr'><strong><em>dona</em></strong></span> <span class='ocrx_word' id='word_1_299' title='bbox 2495 975 2596 1045; x_wconf 80' lang='lat' dir='ltr'><strong><em>eiS,</em></strong></span> <span class='ocrx_word' id='word_1_300' title='bbox 2616 975 2859 1045; x_wconf 85' lang='lat' dir='ltr'><strong><em>Domine,</em></strong></span> <span class='ocrx_word' id='word_1_301' title='bbox 2958 1023 2959 1028; x_wconf 73' lang='grc'>,</span> 
     </span>
     <span class='ocr_line' id='line_1_62' title="bbox 1680 1052 2959 1134; baseline -0.003 -19"><span class='ocrx_word' id='word_1_302' title='bbox 1680 1065 1739 1116; x_wconf 77' lang='lat' dir='ltr'><strong><em>et</em></strong></span> <span class='ocrx_word' id='word_1_303' title='bbox 1763 1056 1867 1114; x_wconf 86' lang='lat' dir='ltr'><strong><em>lux</em></strong></span> <span class='ocrx_word' id='word_1_304' title='bbox 1902 1064 2179 1134; x_wconf 80' lang='lat' dir='ltr'><strong><em>perpetua</em></strong></span> <span class='ocrx_word' id='word_1_305' title='bbox 2210 1052 2393 1113; x_wconf 80' lang='lat' dir='ltr'><strong><em>luceat</em></strong></span> <span class='ocrx_word' id='word_1_306' title='bbox 2419 1054 2520 1123; x_wconf 75' lang='lat' dir='ltr'><strong><em>ei8‚</em></strong></span> <span class='ocrx_word' id='word_1_307' title='bbox 2549 1073 2717 1131; x_wconf 80' lang='lat' dir='ltr'><strong><em>quam</em></strong></span> <span class='ocrx_word' id='word_1_308' title='bbox 2741 1052 2858 1111; x_wconf 91' lang='lat' dir='ltr'><strong><em>olim</em></strong></span> <span class='ocrx_word' id='word_1_309' title='bbox 2958 1065 2959 1070; x_wconf 77' lang='grc'>’</span> 
     </span>
     <span class='ocr_line' id='line_1_63' title="bbox 1682 1131 2959 1212; baseline -0.003 -19"><span class='ocrx_word' id='word_1_310' title='bbox 1682 1133 1941 1193; x_wconf 81' lang='lat' dir='ltr'><strong><em>Abrahae</em></strong></span> <span class='ocrx_word' id='word_1_311' title='bbox 1968 1132 2272 1212; x_wconf 83' lang='lat' dir='ltr'><strong><em>promisisti</em></strong></span> <span class='ocrx_word' id='word_1_312' title='bbox 2302 1139 2361 1192; x_wconf 77' lang='lat' dir='ltr'><strong><em>et</em></strong></span> <span class='ocrx_word' id='word_1_313' title='bbox 2387 1131 2594 1190; x_wconf 90' lang='lat' dir='ltr'><strong><em>semini</em></strong></span> <span class='ocrx_word' id='word_1_314' title='bbox 2621 1132 2755 1209; x_wconf 76' lang='lat' dir='ltr'><strong><em>ejus·</em></strong></span> <span class='ocrx_word' id='word_1_315' title='bbox 2958 1183 2959 1194; x_wconf 16' lang='grc' dir='ltr'><strong>ἶ</strong></span> 
     </span>
    </p>

    <p class='ocr_par' dir='ltr' id='par_1_28' title="bbox 1681 1210 2959 1818">
     <span class='ocr_line' id='line_1_64' title="bbox 1761 1210 2959 1287; baseline -0.003 -16"><span class='ocrx_word' id='word_1_316' title='bbox 1761 1211 2104 1271; x_wconf 81' lang='lat' dir='ltr'><strong><em>Notandum</em></strong></span> <span class='ocrx_word' id='word_1_317' title='bbox 2154 1218 2232 1268; x_wconf 89' lang='lat' dir='ltr'><strong><em>est</em></strong></span> <span class='ocrx_word' id='word_1_318' title='bbox 2297 1210 2447 1287; x_wconf 87' lang='lat' dir='ltr'><strong><em>quod</em></strong></span> <span class='ocrx_word' id='word_1_319' title='bbox 2497 1211 2568 1268; x_wconf 87' lang='lat' dir='ltr'><strong><em>in</em></strong></span> <span class='ocrx_word' id='word_1_320' title='bbox 2626 1210 2858 1268; x_wconf 80' lang='lat' dir='ltr'><strong><em>omnibus</em></strong></span> <span class='ocrx_word' id='word_1_321' title='bbox 2958 1217 2959 1220; x_wconf 74' lang='grc'>’</span> 
     </span>
     <span class='ocr_line' id='line_1_65' title="bbox 1681 1289 2862 1367; baseline 0 -19"><span class='ocrx_word' id='word_1_322' title='bbox 1681 1291 1869 1349; x_wconf 87' lang='lat' dir='ltr'><strong><em>missis</em></strong></span> <span class='ocrx_word' id='word_1_323' title='bbox 1931 1311 2038 1367; x_wconf 89' lang='lat' dir='ltr'><strong><em>pro</em></strong></span> <span class='ocrx_word' id='word_1_324' title='bbox 2092 1310 2316 1366; x_wconf 90' lang='lat' dir='ltr'><strong><em>corpore</em></strong></span> <span class='ocrx_word' id='word_1_325' title='bbox 2366 1289 2657 1366; x_wconf 74' lang='lat' dir='ltr'><strong><em>praesenti,</em></strong></span> <span class='ocrx_word' id='word_1_326' title='bbox 2710 1297 2756 1346; x_wconf 89' lang='lat' dir='ltr'><strong><em>et</em></strong></span> <span class='ocrx_word' id='word_1_327' title='bbox 2806 1291 2862 1348; x_wconf 79' lang='lat' dir='ltr'><strong><em>in</em></strong></span> 
     </span>
     <span class='ocr_line' id='line_1_66' title="bbox 1685 1366 2863 1443; baseline -0.001 -16"><span class='ocrx_word' id='word_1_328' title='bbox 1685 1368 2094 1427; x_wconf 87' lang='lat' dir='ltr'><strong><em>anniversariis</em></strong></span> <span class='ocrx_word' id='word_1_329' title='bbox 2140 1368 2513 1443; x_wconf 81' lang='lat' dir='ltr'><strong><em>cujuscunque</em></strong></span> <span class='ocrx_word' id='word_1_330' title='bbox 2538 1366 2776 1442; x_wconf 85' lang='lat' dir='ltr'><strong><em>fuerint,</em></strong></span> <span class='ocrx_word' id='word_1_331' title='bbox 2823 1376 2863 1426; x_wconf 83' lang='lat' dir='ltr'><strong><em>et</em></strong></span> 
     </span>
     <span class='ocr_line' id='line_1_67' title="bbox 1683 1445 2863 1523; baseline 0 -18"><span class='ocrx_word' id='word_1_332' title='bbox 1683 1449 1748 1505; x_wconf 91' lang='lat' dir='ltr'><strong><em>in</em></strong></span> <span class='ocrx_word' id='word_1_333' title='bbox 1802 1447 2205 1523; x_wconf 76' lang='lat' dir='ltr'><strong><em>triqintalibus,</em></strong></span> <span class='ocrx_word' id='word_1_334' title='bbox 2260 1445 2478 1502; x_wconf 90' lang='lat' dir='ltr'><strong><em>dicitur</em></strong></span> <span class='ocrx_word' id='word_1_335' title='bbox 2530 1445 2762 1504; x_wconf 75' lang='lat' dir='ltr'><strong><em>Hostias</em></strong></span> <span class='ocrx_word' id='word_1_336' title='bbox 2815 1457 2863 1505; x_wconf 85' lang='lat' dir='ltr'><strong><em>et</em></strong></span> 
     </span>
     <span class='ocr_line' id='line_1_68' title="bbox 1683 1523 2864 1604; baseline -0.001 -21"><span class='ocrx_word' id='word_1_337' title='bbox 1683 1545 1896 1604; x_wconf 78' lang='lat' dir='ltr'><strong><em>preceS,</em></strong></span> <span class='ocrx_word' id='word_1_338' title='bbox 1925 1545 2053 1583; x_wconf 86' lang='lat' dir='ltr'><strong><em>cum</em></strong></span> <span class='ocrx_word' id='word_1_339' title='bbox 2082 1545 2243 1582; x_wconf 88' lang='lat' dir='ltr'><strong><em>versu</em></strong></span> <span class='ocrx_word' id='word_1_340' title='bbox 2281 1523 2565 1600; x_wconf 84' lang='lat' dir='ltr'><strong><em>Requiem</em></strong></span> <span class='ocrx_word' id='word_1_341' title='bbox 2613 1533 2864 1582; x_wconf 68' lang='lat' dir='ltr'><strong><em>aeternam</em></strong></span> 
     </span>
     <span class='ocr_line' id='line_1_69' title="bbox 1685 1602 2864 1672; baseline -0.002 -10"><span class='ocrx_word' id='word_1_342' title='bbox 1685 1613 1736 1662; x_wconf 93' lang='lat' dir='ltr'><strong><em>et</em></strong></span> <span class='ocrx_word' id='word_1_343' title='bbox 1761 1605 1944 1672; x_wconf 82' lang='lat' dir='ltr'><strong><em>Quam</em></strong></span> <span class='ocrx_word' id='word_1_344' title='bbox 1972 1603 2124 1660; x_wconf 88' lang='lat' dir='ltr'><strong><em>olim.</em></strong></span> <span class='ocrx_word' id='word_1_345' title='bbox 2205 1602 2287 1659; x_wconf 90' lang='lat' dir='ltr'><strong><em>In</em></strong></span> <span class='ocrx_word' id='word_1_346' title='bbox 2317 1602 2575 1659; x_wconf 86' lang='lat' dir='ltr'><strong><em>omn-ibus</em></strong></span> <span class='ocrx_word' id='word_1_347' title='bbox 2600 1623 2727 1660; x_wconf 83' lang='lat' dir='ltr'><strong><em>vero</em></strong></span> <span class='ocrx_word' id='word_1_348' title='bbox 2751 1604 2864 1660; x_wconf 77' lang='lat' dir='ltr'><strong><em>aliis</em></strong></span> 
     </span>
     <span class='ocr_line' id='line_1_70' title="bbox 1685 1680 2866 1759; baseline -0.001 -19"><span class='ocrx_word' id='word_1_349' title='bbox 1685 1683 1873 1740; x_wconf 88' lang='lat' dir='ltr'><strong><em>missis</em></strong></span> <span class='ocrx_word' id='word_1_350' title='bbox 1902 1702 2015 1759; x_wconf 87' lang='lat' dir='ltr'><strong><em>pro</em></strong></span> <span class='ocrx_word' id='word_1_351' title='bbox 2040 1680 2313 1757; x_wconf 88' lang='lat' dir='ltr'><strong><em>defunctis</em></strong></span> <span class='ocrx_word' id='word_1_352' title='bbox 2338 1701 2453 1738; x_wconf 87' lang='lat' dir='ltr'><strong><em>non</em></strong></span> <span class='ocrx_word' id='word_1_353' title='bbox 2477 1680 2764 1754; x_wconf 85' lang='lat' dir='ltr'><strong><em>dicuntur,</em></strong></span> <span class='ocrx_word' id='word_1_354' title='bbox 2788 1702 2866 1739; x_wconf 74' lang='lat' dir='ltr'><strong><em>nec</em></strong></span> 
     </span>
     <span class='ocr_line' id='line_1_71' title="bbox 1686 1756 2298 1818; baseline -0.005 0"><span class='ocrx_word' id='word_1_355' title='bbox 1686 1761 1753 1818; x_wconf 85' lang='lat' dir='ltr'><strong><em>in</em></strong></span> <span class='ocrx_word' id='word_1_356' title='bbox 1779 1760 1872 1818; x_wconf 89' lang='lat' dir='ltr'><strong><em>die</em></strong></span> <span class='ocrx_word' id='word_1_357' title='bbox 1897 1756 2298 1817; x_wconf 65' lang='lat' dir='ltr'><strong><em>Animarum.¹</em></strong></span> 
     </span>
    </p>

    <p class='ocr_par' dir='ltr' id='par_1_29' title="bbox 1688 1835 2872 2151">
     <span class='ocr_line' id='line_1_72' title="bbox 1764 1835 2867 1910; baseline -0.001 -13"><span class='ocrx_word' id='word_1_358' title='bbox 1764 1839 1846 1897; x_wconf 87' lang='lat' dir='ltr'><strong><em>Et</em></strong></span> <span class='ocrx_word' id='word_1_359' title='bbox 1906 1858 2152 1895; x_wconf 89' lang='lat' dir='ltr'><strong><em>reversus</em></strong></span> <span class='ocrx_word' id='word_1_360' title='bbox 2216 1837 2295 1894; x_wconf 90' lang='lat' dir='ltr'><strong><em>ad</em></strong></span> <span class='ocrx_word' id='word_1_361' title='bbox 2360 1835 2590 1910; x_wconf 80' lang='lat' dir='ltr'><strong><em>Altare,</em></strong></span> <span class='ocrx_word' id='word_1_362' title='bbox 2642 1838 2867 1896; x_wconf 81' lang='lat' dir='ltr'><strong><em>sacerdos</em></strong></span> 
     </span>
     <span class='ocr_line' id='line_1_73' title="bbox 1693 1914 2870 1990; baseline 0 -16"><span class='ocrx_word' id='word_1_363' title='bbox 1693 1914 1938 1975; x_wconf 84' lang='lat' dir='ltr'><strong><em>Secretas</em></strong></span> <span class='ocrx_word' id='word_1_364' title='bbox 1969 1914 2262 1974; x_wconf 88' lang='lat' dir='ltr'><strong><em>Orationes</em></strong></span> <span class='ocrx_word' id='word_1_365' title='bbox 2301 1915 2474 1985; x_wconf 88' lang='lat' dir='ltr'><strong><em>dicat,</em></strong></span> <span class='ocrx_word' id='word_1_366' title='bbox 2503 1916 2673 1990; x_wconf 69' lang='lat' dir='ltr'><strong><em>juata</em></strong></span> <span class='ocrx_word' id='word_1_367' title='bbox 2702 1937 2870 1974; x_wconf 82' lang='lat' dir='ltr'><strong><em>nume-</em></strong></span> 
     </span>
     <span class='ocr_line' id='line_1_74' title="bbox 1688 1994 2872 2053; baseline 0 0"><span class='ocrx_word' id='word_1_368' title='bbox 1688 2015 1820 2053; x_wconf 90' lang='lat' dir='ltr'><strong><em>rum</em></strong></span> <span class='ocrx_word' id='word_1_369' title='bbox 1871 2003 1923 2053; x_wconf 88' lang='lat' dir='ltr'><strong><em>et</em></strong></span> <span class='ocrx_word' id='word_1_370' title='bbox 1975 1994 2231 2052; x_wconf 85' lang='lat' dir='ltr'><strong><em>ordinem</em></strong></span> <span class='ocrx_word' id='word_1_371' title='bbox 2281 1994 2726 2052; x_wconf 83' lang='lat' dir='ltr'><strong><em>ante-dictarum</em></strong></span> <span class='ocrx_word' id='word_1_372' title='bbox 2766 2003 2872 2053; x_wconf 83' lang='lat' dir='ltr'><strong><em>ante</em></strong></span> 
     </span>
     <span class='ocr_line' id='line_1_75' title="bbox 1688 2071 2762 2151; baseline 0.002 -20"><span class='ocrx_word' id='word_1_373' title='bbox 1688 2073 2029 2151; x_wconf 87' lang='lat' dir='ltr'><strong><em>Epistolam‚</em></strong></span> <span class='ocrx_word' id='word_1_374' title='bbox 2060 2073 2145 2129; x_wconf 86' lang='lat' dir='ltr'><strong><em>ita</em></strong></span> <span class='ocrx_word' id='word_1_375' title='bbox 2171 2072 2469 2149; x_wconf 73' lang='lat' dir='ltr'><strong><em>incipiens,</em></strong></span> <span class='ocrx_word' id='word_1_376' title='bbox 2502 2071 2762 2133; x_wconf 88' lang='lat' dir='ltr'><strong><em>Oremus.</em></strong></span> 
     </span>
    </p>

    <p class='ocr_par' dir='ltr' id='par_1_30' title="bbox 1689 2149 2879 3229">
     <span class='ocr_line' id='line_1_76' title="bbox 1732 2149 2875 2229; baseline 0.001 -20"><span class='ocrx_word' id='word_1_377' title='bbox 1732 2151 1947 2222; x_wconf 78' lang='lat' dir='ltr'><strong><em>Quibus</em></strong></span> <span class='ocrx_word' id='word_1_378' title='bbox 1951 2150 2166 2227; x_wconf 85' lang='lat' dir='ltr'><strong><em>finitis,</em></strong></span> <span class='ocrx_word' id='word_1_379' title='bbox 2183 2151 2341 2209; x_wconf 87' lang='lat' dir='ltr'><strong><em>dicat</em></strong></span> <span class='ocrx_word' id='word_1_380' title='bbox 2353 2150 2608 2208; x_wconf 86' lang='lat' dir='ltr'><strong><em>sacerdos</em></strong></span> <span class='ocrx_word' id='word_1_381' title='bbox 2622 2149 2875 2229; x_wconf 73' lang='lat' dir='ltr'><strong><em>¹¹aperta¹²</em></strong></span> 
     </span>
     <span class='ocr_line' id='line_1_77' title="bbox 1690 2228 2872 2302; baseline 0 -14"><span class='ocrx_word' id='word_1_382' title='bbox 1690 2250 1832 2302; x_wconf 84' lang='lat' dir='ltr'><strong><em>voce,</em></strong></span> <span class='ocrx_word' id='word_1_383' title='bbox 1883 2230 1998 2289; x_wconf 89' lang='lat' dir='ltr'><strong><em>Per</em></strong></span> <span class='ocrx_word' id='word_1_384' title='bbox 2045 2229 2236 2287; x_wconf 82' lang='lat' dir='ltr'><strong><em>omnia</em></strong></span> <span class='ocrx_word' id='word_1_385' title='bbox 2273 2228 2481 2287; x_wconf 83' lang='lat' dir='ltr'><strong><em>saecula</em></strong></span> <span class='ocrx_word' id='word_1_386' title='bbox 2521 2228 2872 2302; x_wconf 64' lang='lat' dir='ltr'><strong><em>saeculorum</em></strong></span> 
     </span>
     <span class='ocr_line' id='line_1_78' title="bbox 1691 2308 2877 2367; baseline 0.002 -2"><span class='ocrx_word' id='word_1_387' title='bbox 1691 2308 1955 2366; x_wconf 84' lang='lat' dir='ltr'><strong><em>manibus</em></strong></span> <span class='ocrx_word' id='word_1_388' title='bbox 2005 2328 2120 2364; x_wconf 91' lang='lat' dir='ltr'><strong><em>non</em></strong></span> <span class='ocrx_word' id='word_1_389' title='bbox 2182 2308 2379 2365; x_wconf 81' lang='lat' dir='ltr'><strong><em>levatis</em></strong></span> <span class='ocrx_word' id='word_1_390' title='bbox 2444 2308 2617 2366; x_wconf 83' lang='lat' dir='ltr'><strong><em>donec</em></strong></span> <span class='ocrx_word' id='word_1_391' title='bbox 2680 2308 2877 2367; x_wconf 75' lang='lat' dir='ltr'><strong><em>dicitur</em></strong></span> 
     </span>
     <span class='ocr_line' id='line_1_79' title="bbox 1693 2384 2877 2464; baseline -0.002 -17"><span class='ocrx_word' id='word_1_392' title='bbox 1693 2387 1928 2447; x_wconf 83' lang='lat' dir='ltr'><strong><em>Sursum</em></strong></span> <span class='ocrx_word' id='word_1_393' title='bbox 1992 2386 2177 2443; x_wconf 82' lang='lat' dir='ltr'><strong><em>corda.</em></strong></span> <span class='ocrx_word' id='word_1_394' title='bbox 2299 2384 2387 2443; x_wconf 88' lang='lat' dir='ltr'><strong><em>Et</em></strong></span> <span class='ocrx_word' id='word_1_395' title='bbox 2449 2394 2585 2444; x_wconf 87' lang='lat' dir='ltr'><strong><em>tunc</em></strong></span> <span class='ocrx_word' id='word_1_396' title='bbox 2648 2388 2877 2464; x_wconf 80' lang='lat' dir='ltr'><strong><em>accipiat</em></strong></span> 
     </span>
     <span class='ocr_line' id='line_1_80' title="bbox 1692 2464 2876 2542; baseline -0.001 -19"><span class='ocrx_word' id='word_1_397' title='bbox 1692 2465 2065 2523; x_wconf 78' lang='lat' dir='ltr'><strong><em>subdiaconus</em></strong></span> <span class='ocrx_word' id='word_1_398' title='bbox 2117 2464 2462 2539; x_wconf 87' lang='lat' dir='ltr'><strong><em>offertorium</em></strong></span> <span class='ocrx_word' id='word_1_399' title='bbox 2514 2473 2567 2522; x_wconf 89' lang='lat' dir='ltr'><strong><em>et</em></strong></span> <span class='ocrx_word' id='word_1_400' title='bbox 2621 2474 2876 2542; x_wconf 80' lang='lat' dir='ltr'><strong><em>patenam</em></strong></span> 
     </span>
     <span class='ocr_line' id='line_1_81' title="bbox 1692 2542 2877 2620; baseline 0.002 -20"><span class='ocrx_word' id='word_1_401' title='bbox 1692 2543 1762 2600; x_wconf 91' lang='lat' dir='ltr'><strong><em>de</em></strong></span> <span class='ocrx_word' id='word_1_402' title='bbox 1827 2562 2006 2600; x_wconf 88' lang='lat' dir='ltr'><strong><em>manu</em></strong></span> <span class='ocrx_word' id='word_1_403' title='bbox 2071 2542 2321 2614; x_wconf 86' lang='lat' dir='ltr'><strong><em>diaconi,</em></strong></span> <span class='ocrx_word' id='word_1_404' title='bbox 2376 2543 2567 2620; x_wconf 87' lang='lat' dir='ltr'><strong><em>ipsam</em></strong></span> <span class='ocrx_word' id='word_1_405' title='bbox 2621 2552 2877 2620; x_wconf 84' lang='lat' dir='ltr'><strong><em>patenam</em></strong></span> 
     </span>
     <span class='ocr_line' id='line_1_82' title="bbox 1691 2621 2877 2697; baseline 0.002 -18"><span class='ocrx_word' id='word_1_406' title='bbox 1691 2621 1987 2679; x_wconf 84' lang='lat' dir='ltr'><strong><em>tenendam</em></strong></span> <span class='ocrx_word' id='word_1_407' title='bbox 2014 2641 2291 2697; x_wconf 76' lang='lat' dir='ltr'><strong><em>quousque</em></strong></span> <span class='ocrx_word' id='word_1_408' title='bbox 2330 2621 2506 2679; x_wconf 81' lang='lat' dir='ltr'><strong><em>Pater</em></strong></span> <span class='ocrx_word' id='word_1_409' title='bbox 2530 2631 2722 2680; x_wconf 80' lang='lat' dir='ltr'><strong><em>noster</em></strong></span> <span class='ocrx_word' id='word_1_410' title='bbox 2745 2622 2877 2682; x_wconf 83' lang='lat' dir='ltr'><strong><em>dici·</em></strong></span> 
     </span>
     <span class='ocr_line' id='line_1_83' title="bbox 1691 2699 2878 2777; baseline 0 -21"><span class='ocrx_word' id='word_1_411' title='bbox 1691 2708 1804 2770; x_wconf 87' lang='lat' dir='ltr'><strong><em>tur,</em></strong></span> <span class='ocrx_word' id='word_1_412' title='bbox 1835 2720 2008 2776; x_wconf 88' lang='lat' dir='ltr'><strong><em>quam</em></strong></span> <span class='ocrx_word' id='word_1_413' title='bbox 2035 2699 2247 2776; x_wconf 81' lang='lat' dir='ltr'><strong><em>acolyto</em></strong></span> <span class='ocrx_word' id='word_1_414' title='bbox 2283 2700 2561 2774; x_wconf 74' lang='lat' dir='ltr'><strong><em>offertorio</em></strong></span> <span class='ocrx_word' id='word_1_415' title='bbox 2587 2709 2878 2777; x_wconf 84' lang='lat' dir='ltr'><strong><em>coopertam</em></strong></span> 
     </span>
     <span class='ocr_line' id='line_1_84' title="bbox 1690 2777 2876 2855; baseline 0.001 -20"><span class='ocrx_word' id='word_1_416' title='bbox 1690 2778 2018 2847; x_wconf 85' lang='lat' dir='ltr'><strong><em>committat,</em></strong></span> <span class='ocrx_word' id='word_1_417' title='bbox 2046 2779 2114 2835; x_wconf 89' lang='lat' dir='ltr'><strong><em>in</em></strong></span> <span class='ocrx_word' id='word_1_418' title='bbox 2151 2778 2339 2852; x_wconf 76' lang='lat' dir='ltr'><strong><em>yradu</em></strong></span> <span class='ocrx_word' id='word_1_419' title='bbox 2365 2777 2576 2836; x_wconf 84' lang='lat' dir='ltr'><strong><em>scilicet</em></strong></span> <span class='ocrx_word' id='word_1_420' title='bbox 2605 2787 2732 2855; x_wconf 88' lang='lat' dir='ltr'><strong><em>post</em></strong></span> <span class='ocrx_word' id='word_1_421' title='bbox 2761 2779 2876 2836; x_wconf 86' lang='lat' dir='ltr'><strong><em>dia-</em></strong></span> 
     </span>
     <span class='ocr_line' id='line_1_85' title="bbox 1691 2855 2879 2927; baseline 0.001 -14"><span class='ocrx_word' id='word_1_422' title='bbox 1691 2876 1893 2913; x_wconf 89' lang='lat' dir='ltr'><strong><em>conum</em></strong></span> <span class='ocrx_word' id='word_1_423' title='bbox 1908 2855 2140 2913; x_wconf 84' lang='lat' dir='ltr'><strong><em>interim</em></strong></span> <span class='ocrx_word' id='word_1_424' title='bbox 2157 2855 2468 2913; x_wconf 82' lang='lat' dir='ltr'><strong><em>constituto.</em></strong></span> <span class='ocrx_word' id='word_1_425' title='bbox 2541 2856 2705 2927; x_wconf 76' lang='lat' dir='ltr'><strong><em>Quod</em></strong></span> <span class='ocrx_word' id='word_1_426' title='bbox 2723 2857 2879 2914; x_wconf 86' lang='lat' dir='ltr'><strong><em>etiam</em></strong></span> 
     </span>
     <span class='ocr_line' id='line_1_86' title="bbox 1691 2933 2879 2993; baseline 0.003 -2"><span class='ocrx_word' id='word_1_427' title='bbox 1691 2934 1999 2991; x_wconf 78' lang='lat' dir='ltr'><strong><em>observetur</em></strong></span> <span class='ocrx_word' id='word_1_428' title='bbox 2013 2933 2080 2991; x_wconf 89' lang='lat' dir='ltr'><strong><em>in</em></strong></span> <span class='ocrx_word' id='word_1_429' title='bbox 2094 2934 2252 2991; x_wconf 84' lang='lat' dir='ltr'><strong><em>omni</em></strong></span> <span class='ocrx_word' id='word_1_430' title='bbox 2265 2934 2438 2991; x_wconf 89' lang='lat' dir='ltr'><strong><em>missa</em></strong></span> <span class='ocrx_word' id='word_1_431' title='bbox 2455 2934 2535 2991; x_wconf 88' lang='lat' dir='ltr'><strong><em>ad</em></strong></span> <span class='ocrx_word' id='word_1_432' title='bbox 2555 2936 2879 2993; x_wconf 79' lang='lat' dir='ltr'><strong><em>autenticum</em></strong></span> 
     </span>
     <span class='ocr_line' id='line_1_87' title="bbox 1692 3011 2875 3088; baseline 0 -18"><span class='ocrx_word' id='word_1_433' title='bbox 1692 3012 1874 3070; x_wconf 85' lang='lat' dir='ltr'><strong><em>altare</em></strong></span> <span class='ocrx_word' id='word_1_434' title='bbox 1914 3011 2241 3069; x_wconf 84' lang='lat' dir='ltr'><strong><em>celebranda</em></strong></span> <span class='ocrx_word' id='word_1_435' title='bbox 2291 3032 2392 3088; x_wconf 91' lang='lat' dir='ltr'><strong><em>per</em></strong></span> <span class='ocrx_word' id='word_1_436' title='bbox 2435 3020 2615 3070; x_wconf 88' lang='lat' dir='ltr'><strong><em>totum</em></strong></span> <span class='ocrx_word' id='word_1_437' title='bbox 2661 3034 2875 3083; x_wconf 67' lang='lat' dir='ltr'><strong><em>armum,</em></strong></span> 
     </span>
     <span class='ocr_line' id='line_1_88' title="bbox 1689 3089 2877 3169; baseline 0.003 -22"><span class='ocrx_word' id='word_1_438' title='bbox 1689 3090 1810 3148; x_wconf 85' lang='lat' dir='ltr'><strong><em>nisi</em></strong></span> <span class='ocrx_word' id='word_1_439' title='bbox 1848 3098 2070 3147; x_wconf 83' lang='lat' dir='ltr'><strong><em>tantwm</em></strong></span> <span class='ocrx_word' id='word_1_440' title='bbox 2106 3089 2173 3147; x_wconf 89' lang='lat' dir='ltr'><strong><em>in</em></strong></span> <span class='ocrx_word' id='word_1_441' title='bbox 2211 3090 2399 3147; x_wconf 88' lang='lat' dir='ltr'><strong><em>missis</em></strong></span> <span class='ocrx_word' id='word_1_442' title='bbox 2427 3111 2541 3167; x_wconf 88' lang='lat' dir='ltr'><strong><em>pro</em></strong></span> <span class='ocrx_word' id='word_1_443' title='bbox 2577 3092 2877 3169; x_wconf 81' lang='lat' dir='ltr'><strong><em>defimctis;</em></strong></span> 
     </span>
     <span class='ocr_line' id='line_1_89' title="bbox 1691 3166 2875 3229; baseline 0 -3"><span class='ocrx_word' id='word_1_444' title='bbox 1691 3176 1880 3226; x_wconf 86' lang='lat' dir='ltr'><strong><em>tamen</em></strong></span> <span class='ocrx_word' id='word_1_445' title='bbox 1908 3168 1976 3225; x_wconf 90' lang='lat' dir='ltr'><strong><em>in</em></strong></span> <span class='ocrx_word' id='word_1_446' title='bbox 2000 3167 2095 3226; x_wconf 90' lang='lat' dir='ltr'><strong><em>die</em></strong></span> <span class='ocrx_word' id='word_1_447' title='bbox 2119 3166 2479 3226; x_wconf 80' lang='lat' dir='ltr'><strong><em>Animarum</em></strong></span> <span class='ocrx_word' id='word_1_448' title='bbox 2505 3171 2875 3229; x_wconf 82' lang='lat' dir='ltr'><strong><em>observabitur.</em></strong></span> 
     </span>
    </p>

    <p class='ocr_par' dir='ltr' id='par_1_31' title="bbox 1686 3245 2887 4184">
     <span class='ocr_line' id='line_1_90' title="bbox 1771 3245 2875 3326; baseline 0.001 -20"><span class='ocrx_word' id='word_1_449' title='bbox 1771 3246 1844 3306; x_wconf 79' lang='lat' dir='ltr'><strong><em>Se</em></strong></span> <span class='ocrx_word' id='word_1_450' title='bbox 1879 3254 2094 3303; x_wconf 89' lang='lat' dir='ltr'><strong><em>uuntur</em></strong></span> <span class='ocrx_word' id='word_1_451' title='bbox 2117 3245 2506 3321; x_wconf 87' lang='lat' dir='ltr'><strong><em>Praefationes.</em></strong></span> <span class='ocrx_word' id='word_1_452' title='bbox 2593 3248 2678 3307; x_wconf 88' lang='lat' dir='ltr'><strong><em>Et</em></strong></span> <span class='ocrx_word' id='word_1_453' title='bbox 2701 3249 2875 3326; x_wconf 81' lang='lat' dir='ltr'><strong><em>primo</em></strong></span> 
     </span>
     <span class='ocr_line' id='line_1_91' title="bbox 1694 3321 2876 3385; baseline 0.004 -4"><span class='ocrx_word' id='word_1_454' title='bbox 1694 3322 1834 3382; x_wconf 76' lang='lat' dir='ltr'><strong><em>Prae</em></strong></span> <span class='ocrx_word' id='word_1_455' title='bbox 1858 3324 1976 3382; x_wconf 90' lang='lat' dir='ltr'><strong><em>atio</em></strong></span> <span class='ocrx_word' id='word_1_456' title='bbox 1995 3324 2063 3381; x_wconf 93' lang='lat' dir='ltr'><strong><em>de</em></strong></span> <span class='ocrx_word' id='word_1_457' title='bbox 2081 3322 2161 3381; x_wconf 89' lang='lat' dir='ltr'><em>N</em></span> <span class='ocrx_word' id='word_1_458' title='bbox 2153 3325 2408 3382; x_wconf 88' lang='lat' dir='ltr'><strong><em>ativitate</em></strong></span> <span class='ocrx_word' id='word_1_459' title='bbox 2424 3321 2693 3385; x_wconf 83' lang='lat' dir='ltr'><strong><em>Domini.</em></strong></span> <span class='ocrx_word' id='word_1_460' title='bbox 2750 3327 2876 3385; x_wconf 78' lang='lat' dir='ltr'><strong><em>Hoec</em></strong></span> 
     </span>
     <span class='ocr_line' id='line_1_92' title="bbox 1695 3402 2874 3478; baseline 0.003 -17"><span class='ocrx_word' id='word_1_461' title='bbox 1695 3402 1972 3478; x_wconf 73' lang='lat' dir='ltr'><strong><em>Praefatio</em></strong></span> <span class='ocrx_word' id='word_1_462' title='bbox 2023 3402 2243 3460; x_wconf 90' lang='lat' dir='ltr'><strong><em>dicitur</em></strong></span> <span class='ocrx_word' id='word_1_463' title='bbox 2292 3402 2360 3460; x_wconf 89' lang='lat' dir='ltr'><strong><em>in</em></strong></span> <span class='ocrx_word' id='word_1_464' title='bbox 2410 3403 2507 3461; x_wconf 89' lang='lat' dir='ltr'><strong><em>die</em></strong></span> <span class='ocrx_word' id='word_1_465' title='bbox 2551 3405 2874 3464; x_wconf 79' lang='lat' dir='ltr'><strong><em>Nativitatis</em></strong></span> 
     </span>
     <span class='ocr_line' id='line_1_93' title="bbox 1693 3480 2878 3562; baseline 0.002 -24"><span class='ocrx_word' id='word_1_466' title='bbox 1693 3481 1942 3538; x_wconf 87' lang='lat' dir='ltr'><strong><em>Domini</em></strong></span> <span class='ocrx_word' id='word_1_467' title='bbox 1979 3480 2059 3537; x_wconf 91' lang='lat' dir='ltr'><strong><em>ad</em></strong></span> <span class='ocrx_word' id='word_1_468' title='bbox 2096 3501 2279 3539; x_wconf 87' lang='lat' dir='ltr'><strong><em>omnes</em></strong></span> <span class='ocrx_word' id='word_1_469' title='bbox 2324 3481 2526 3540; x_wconf 87' lang='lat' dir='ltr'><strong><em>missas</em></strong></span> <span class='ocrx_word' id='word_1_470' title='bbox 2563 3492 2616 3541; x_wconf 90' lang='lat' dir='ltr'><strong><em>et</em></strong></span> <span class='ocrx_word' id='word_1_471' title='bbox 2651 3483 2878 3562; x_wconf 80' lang='lat' dir='ltr'><strong><em>quotidie</em></strong></span> 
     </span>
     <span class='ocr_line' id='line_1_94' title="bbox 1686 3558 2877 3637; baseline 0.003 -21"><span class='ocrx_word' id='word_1_472' title='bbox 1686 3580 1795 3637; x_wconf 89' lang='lat' dir='ltr'><strong><em>per</em></strong></span> <span class='ocrx_word' id='word_1_473' title='bbox 1819 3558 2221 3616; x_wconf 75' lang='lat' dir='ltr'><strong><em>hebdomadam</em></strong></span> <span class='ocrx_word' id='word_1_474' title='bbox 2246 3566 2298 3616; x_wconf 90' lang='lat' dir='ltr'><strong><em>et</em></strong></span> <span class='ocrx_word' id='word_1_475' title='bbox 2322 3559 2390 3617; x_wconf 85' lang='lat' dir='ltr'><strong><em>in</em></strong></span> <span class='ocrx_word' id='word_1_476' title='bbox 2415 3560 2510 3618; x_wconf 83' lang='lat' dir='ltr'><strong><em>die</em></strong></span> <span class='ocrx_word' id='word_1_477' title='bbox 2535 3561 2877 3622; x_wconf 80' lang='lat' dir='ltr'><strong><em>Circumcisi·</em></strong></span> 
     </span>
     <span class='ocr_line' id='line_1_95' title="bbox 1696 3637 2880 3709; baseline 0.003 -14"><span class='ocrx_word' id='word_1_478' title='bbox 1696 3638 1838 3709; x_wconf 87' lang='lat' dir='ltr'><strong><em>onis,</em></strong></span> <span class='ocrx_word' id='word_1_479' title='bbox 1880 3645 1932 3694; x_wconf 90' lang='lat' dir='ltr'><strong><em>et</em></strong></span> <span class='ocrx_word' id='word_1_480' title='bbox 1969 3637 2036 3694; x_wconf 90' lang='lat' dir='ltr'><strong><em>in</em></strong></span> <span class='ocrx_word' id='word_1_481' title='bbox 2074 3637 2328 3695; x_wconf 78' lang='lat' dir='ltr'><strong><em>omnibus</em></strong></span> <span class='ocrx_word' id='word_1_482' title='bbox 2367 3639 2558 3698; x_wconf 85' lang='lat' dir='ltr'><strong><em>missis</em></strong></span> <span class='ocrx_word' id='word_1_483' title='bbox 2597 3642 2665 3699; x_wconf 87' lang='lat' dir='ltr'><strong><em>de</em></strong></span> <span class='ocrx_word' id='word_1_484' title='bbox 2699 3648 2880 3698; x_wconf 75' lang='lat' dir='ltr'><strong><em>sancta</em></strong></span> 
     </span>
     <span class='ocr_line' id='line_1_96' title="bbox 1697 3715 2881 3797; baseline 0.002 -24"><span class='ocrx_word' id='word_1_485' title='bbox 1697 3715 1909 3774; x_wconf 74' lang='lat' dir='ltr'><strong><em>Maria</em></strong></span> <span class='ocrx_word' id='word_1_486' title='bbox 1936 3716 2006 3772; x_wconf 91' lang='lat' dir='ltr'><strong><em>ab</em></strong></span> <span class='ocrx_word' id='word_1_487' title='bbox 2025 3716 2130 3773; x_wconf 88' lang='lat' dir='ltr'><strong><em>hac</em></strong></span> <span class='ocrx_word' id='word_1_488' title='bbox 2148 3715 2242 3773; x_wconf 92' lang='lat' dir='ltr'><strong><em>die</em></strong></span> <span class='ocrx_word' id='word_1_489' title='bbox 2261 3735 2430 3791; x_wconf 87' lang='lat' dir='ltr'><strong><em>usque</em></strong></span> <span class='ocrx_word' id='word_1_490' title='bbox 2458 3718 2538 3774; x_wconf 89' lang='lat' dir='ltr'><strong><em>ad</em></strong></span> <span class='ocrx_word' id='word_1_491' title='bbox 2562 3719 2881 3797; x_wconf 70' lang='lat' dir='ltr'><strong><em>Pumflcati·</em></strong></span> 
     </span>
     <span class='ocr_line' id='line_1_97' title="bbox 1695 3792 2879 3874; baseline 0.003 -22"><span class='ocrx_word' id='word_1_492' title='bbox 1695 3814 1872 3866; x_wconf 90' lang='lat' dir='ltr'><strong><em>onem,</em></strong></span> <span class='ocrx_word' id='word_1_493' title='bbox 1901 3801 1953 3851; x_wconf 91' lang='lat' dir='ltr'><strong><em>et</em></strong></span> <span class='ocrx_word' id='word_1_494' title='bbox 1989 3794 2163 3851; x_wconf 89' lang='lat' dir='ltr'><strong><em>etiam</em></strong></span> <span class='ocrx_word' id='word_1_495' title='bbox 2200 3793 2268 3851; x_wconf 88' lang='lat' dir='ltr'><strong><em>in</em></strong></span> <span class='ocrx_word' id='word_1_496' title='bbox 2306 3792 2401 3851; x_wconf 90' lang='lat' dir='ltr'><strong><em>die</em></strong></span> <span class='ocrx_word' id='word_1_497' title='bbox 2439 3792 2879 3874; x_wconf 73' lang='lat' dir='ltr'><strong><em>Pumflcationis.</em></strong></span> 
     </span>
     <span class='ocr_line' id='line_1_98' title="bbox 1694 3871 2885 3953; baseline 0.003 -24"><span class='ocrx_word' id='word_1_498' title='bbox 1694 3872 1947 3929; x_wconf 89' lang='lat' dir='ltr'><strong><em>Dicatur</em></strong></span> <span class='ocrx_word' id='word_1_499' title='bbox 1991 3872 2165 3929; x_wconf 89' lang='lat' dir='ltr'><strong><em>etiam</em></strong></span> <span class='ocrx_word' id='word_1_500' title='bbox 2203 3871 2270 3928; x_wconf 88' lang='lat' dir='ltr'><strong><em>in</em></strong></span> <span class='ocrx_word' id='word_1_501' title='bbox 2307 3872 2495 3930; x_wconf 81' lang='lat' dir='ltr'><strong><em>missis</em></strong></span> <span class='ocrx_word' id='word_1_502' title='bbox 2535 3875 2607 3932; x_wconf 88' lang='lat' dir='ltr'><strong><em>de</em></strong></span> <span class='ocrx_word' id='word_1_503' title='bbox 2656 3875 2885 3953; x_wconf 74' lang='lat' dir='ltr'><strong><em>Corpore</em></strong></span> 
     </span>
     <span class='ocr_line' id='line_1_99' title="bbox 1702 3948 2885 4030; baseline 0.003 -22"><span class='ocrx_word' id='word_1_504' title='bbox 1702 3948 1939 4009; x_wconf 76' lang='lat' dir='ltr'><strong><em>Christi.</em></strong></span> <span class='ocrx_word' id='word_1_505' title='bbox 2021 3949 2274 4007; x_wconf 89' lang='lat' dir='ltr'><strong><em>Dicatur</em></strong></span> <span class='ocrx_word' id='word_1_506' title='bbox 2297 3949 2470 4009; x_wconf 86' lang='lat' dir='ltr'><strong><em>etiam</em></strong></span> <span class='ocrx_word' id='word_1_507' title='bbox 2495 3952 2564 4010; x_wconf 88' lang='lat' dir='ltr'><strong><em>in</em></strong></span> <span class='ocrx_word' id='word_1_508' title='bbox 2586 3952 2729 4030; x_wconf 85' lang='lat' dir='ltr'><strong><em>festo</em></strong></span> <span class='ocrx_word' id='word_1_509' title='bbox 2758 3952 2885 4012; x_wconf 81' lang='lat' dir='ltr'><strong><em>Gor·</em></strong></span> 
     </span>
     <span class='ocr_line' id='line_1_100' title="bbox 1686 4026 2887 4107; baseline 0.002 -22"><span class='ocrx_word' id='word_1_510' title='bbox 1686 4027 1850 4105; x_wconf 86' lang='lat' dir='ltr'><strong><em>poris</em></strong></span> <span class='ocrx_word' id='word_1_511' title='bbox 1883 4026 2104 4085; x_wconf 75' lang='lat' dir='ltr'><strong><em>Christi</em></strong></span> <span class='ocrx_word' id='word_1_512' title='bbox 2141 4035 2191 4086; x_wconf 88' lang='lat' dir='ltr'><strong><em>et</em></strong></span> <span class='ocrx_word' id='word_1_513' title='bbox 2229 4028 2297 4086; x_wconf 88' lang='lat' dir='ltr'><strong><em>in</em></strong></span> <span class='ocrx_word' id='word_1_514' title='bbox 2335 4030 2545 4087; x_wconf 84' lang='lat' dir='ltr'><strong><em>octavis</em></strong></span> <span class='ocrx_word' id='word_1_515' title='bbox 2583 4031 2821 4107; x_wconf 59' lang='lat' dir='ltr'><strong><em>eyusdem</em></strong></span> <span class='ocrx_word' id='word_1_516' title='bbox 2843 4039 2887 4088; x_wconf 80' lang='lat' dir='ltr'><strong><em>et</em></strong></span> 
     </span>
     <span class='ocr_line' id='line_1_101' title="bbox 1695 4104 2886 4184; baseline 0.003 -21"><span class='ocrx_word' id='word_1_517' title='bbox 1695 4104 1857 4183; x_wconf 88' lang='lat' dir='ltr'><strong><em>infra</em></strong></span> <span class='ocrx_word' id='word_1_518' title='bbox 1922 4105 2149 4183; x_wconf 89' lang='lat' dir='ltr'><strong><em>quando</em></strong></span> <span class='ocrx_word' id='word_1_519' title='bbox 2201 4105 2269 4164; x_wconf 91' lang='lat' dir='ltr'><strong><em>de</em></strong></span> <span class='ocrx_word' id='word_1_520' title='bbox 2333 4127 2393 4164; x_wconf 91' lang='lat' dir='ltr'><strong><em>eo</em></strong></span> <span class='ocrx_word' id='word_1_521' title='bbox 2445 4109 2525 4184; x_wconf 88' lang='lat' dir='ltr'><strong><em>fit</em></strong></span> <span class='ocrx_word' id='word_1_522' title='bbox 2589 4111 2886 4169; x_wconf 73' lang='lat' dir='ltr'><strong><em>servitium.</em></strong></span> 
     </span>
    </p>
   </div>
   <div class='ocr_carea' id='block_1_15' title="bbox 1696 4230 2890 4303">
    <p class='ocr_par' dir='ltr' id='par_1_32' title="bbox 1696 4230 2890 4303">
     <span class='ocr_line' id='line_1_102' title="bbox 1696 4230 2890 4303; baseline 0.003 -17"><span class='ocrx_word' id='word_1_523' title='bbox 1696 4230 1718 4271; x_wconf 63' lang='grc' dir='ltr'>ί</span> <span class='ocrx_word' id='word_1_524' title='bbox 1757 4231 1864 4286; x_wconf 90' lang='lat' dir='ltr'><strong><em>Pro</em></strong></span> <span class='ocrx_word' id='word_1_525' title='bbox 1877 4231 2145 4287; x_wconf 79' lang='lat' dir='ltr'><strong><em>defunctis</em></strong></span> <span class='ocrx_word' id='word_1_526' title='bbox 2157 4236 2277 4303; x_wconf 80' lang='lat' dir='ltr'><strong><em>post</em></strong></span> <span class='ocrx_word' id='word_1_527' title='bbox 2291 4232 2625 4291; x_wconf 74' lang='lat' dir='ltr'><strong><em>ablutionem</em></strong></span> <span class='ocrx_word' id='word_1_528' title='bbox 2639 4253 2890 4290; x_wconf 72' lang='lat' dir='ltr'><strong><em>manuum</em></strong></span> 
     </span>
    </p>
   </div>
   <div class='ocr_carea' id='block_1_16' title="bbox 1695 4303 2891 4432">
    <p class='ocr_par' dir='ltr' id='par_1_33' title="bbox 1695 4303 2891 4432">
     <span class='ocr_line' id='line_1_103' title="bbox 1695 4303 2891 4373; baseline 0.004 -17"><span class='ocrx_word' id='word_1_529' title='bbox 1695 4303 1938 4357; x_wconf 78' lang='lat' dir='ltr'><strong><em>sacerdos</em></strong></span> <span class='ocrx_word' id='word_1_530' title='bbox 1983 4308 2127 4373; x_wconf 74' lang='lat' dir='ltr'><strong><em>agat,</em></strong></span> <span class='ocrx_word' id='word_1_531' title='bbox 2177 4307 2306 4357; x_wconf 73' lang='lat' dir='ltr'><strong><em>utut</em></strong></span> <span class='ocrx_word' id='word_1_532' title='bbox 2358 4304 2592 4361; x_wconf 80' lang='lat' dir='ltr'><strong><em>habetur</em></strong></span> <span class='ocrx_word' id='word_1_533' title='bbox 2647 4306 2790 4363; x_wconf 75' lang='lat' dir='ltr'><strong><em>infra</em></strong></span> <span class='ocrx_word' id='word_1_534' title='bbox 2837 4308 2891 4361; x_wconf 89' lang='lat' dir='ltr'><strong><em>in</em></strong></span> 
     </span>
     <span class='ocr_line' id='line_1_104' title="bbox 1697 4372 2532 4432; baseline 0.004 -5"><span class='ocrx_word' id='word_1_535' title='bbox 1697 4372 1880 4427; x_wconf 88' lang='lat' dir='ltr'><strong><em>Officio</em></strong></span> <span class='ocrx_word' id='word_1_536' title='bbox 1903 4373 2416 4430; x_wconf 69' lang='lat' dir='ltr'><strong><em>mortuorum—94.</em></strong></span> <span class='ocrx_word' id='word_1_537' title='bbox 2445 4374 2532 4432; x_wconf 89' lang='grc'><strong><em>97.</em></strong></span> 
     </span>
    </p>
   </div>
   <div class='ocr_carea' id='block_1_17' title="bbox 1697 4443 2820 4571">
    <p class='ocr_par' dir='ltr' id='par_1_34' title="bbox 1697 4443 2820 4571">
     <span class='ocr_line' id='line_1_105' title="bbox 1697 4443 2820 4505; baseline 0.012 -14"><span class='ocrx_word' id='word_1_538' title='bbox 1697 4451 1727 4491; x_wconf 84' lang='lat' dir='ltr'><strong><em>s</em></strong></span> <span class='ocrx_word' id='word_1_539' title='bbox 1762 4443 2064 4498; x_wconf 84' lang='lat' dir='ltr'><strong><em>cleri.—92.</em></strong></span> <span class='ocrx_word' id='word_1_540' title='bbox 2093 4443 2180 4499; x_wconf 86' lang='lat'><strong><em>98.</em></strong></span> <span class='ocrx_word' id='word_1_541' title='bbox 2251 4444 2820 4505; x_wconf 68' lang='lat' dir='ltr'><strong><em>clericorum-sm</em></strong></span> 
     </span>
     <span class='ocr_line' id='line_1_106' title="bbox 1699 4512 2133 4571; baseline 0.009 -4"><span class='ocrx_word' id='word_1_542' title='bbox 1699 4512 1732 4552; x_wconf 79' lang='lat'><strong><em>¹²</em></strong></span> <span class='ocrx_word' id='word_1_543' title='bbox 1767 4513 2133 4571; x_wconf 57' lang='lat' dir='ltr'><strong><em>alta—SRM.</em></strong></span> 
     </span>
    </p>
   </div>
   <div class='ocr_carea' id='block_1_18' title="bbox 2940 971 2975 4964">
    <p class='ocr_par' dir='ltr' id='par_1_35' title="bbox 2940 971 2975 4964">
     <span class='ocr_line' id='line_1_107' title="bbox 2940 971 2975 4964; baseline 0 0"><span class='ocrx_word' id='word_1_544' title='bbox 2940 971 2975 4964; x_wconf 95' lang='lat' dir='ltr'><strong><em> </em></strong></span> 
     </span>
    </p>
   </div>
  </div>
 </body>
</html>
