2975 5009
154 247 270 316 377
531 267 755 316 FFJRIA
791 269 887 317 v1.

152 419 301 480 factae
328 430 467 480 sunt
504 443 610 502 per
642 444 864 502 aquam.
951 425 1120 495 Quod
1158 437 1218 488 et
1243 451 1341 492 vos

156 519 291 557 nunc
327 501 526 560 similis
570 501 769 562 formae
808 504 986 563 salvos
1026 504 1159 566 facit
1206 511 1342 588 bap-

154 577 338 637 tisma:
392 600 511 637 non
551 582 734 638 carnis
771 583 1046 661 depositio
1071 587 1340 660 sordium,

156 657 243 713 sed
278 659 640 717 conscientiae
680 661 844 718 bonae
881 661 1254 741 interrogatio
1280 667 1340 724 in

158 735 342 806 Deum,
382 756 490 814 per
536 739 1006 798 resurrectionem
1060 752 1088 782 ὃ
1108 743 1339 801 Domini

156 814 314 872 nostri
333 825 361 854 ⁸
399 814 442 873 J
445 836 544 874 esu
587 815 821 889 Christi,
849 818 945 894 qui
985 826 1072 878 est
1111 820 1170 877 in
1196 822 1336 882 dex-

153 897 261 949 tera
284 892 413 951 Dei.

222 968 523 1029 Gradale.b

210 1045 338 1101 Haec
359 1047 476 1101 dies
498 1065 662 1117 quam
686 1048 812 1105 fecit
836 1050 1132 1107 Dominus:
1161 1052 1338 1107 exsul-

157 1121 309 1170 temus
331 1123 386 1172 et
409 1119 663 1173 laetemur
684 1121 745 1174 in
769 1138 846 1175 ea.

164 1187 211 1241 V.
264 1188 592 1243 Benedictus
614 1191 708 1259 qui
726 1191 881 1245 venit
904 1191 963 1244 in
987 1194 1208 1247 nomine
1233 1194 1337 1250 Do-

153 1258 269 1311 mini
295 1278 307 1312 :
331 1260 481 1313 Deus
505 1260 768 1315 Dominus
790 1267 845 1316 et
868 1261 1051 1318 illuxit
1073 1263 1242 1320 nobis.

213 1328 349 1388 IVon
367 1335 655 1408 ‘repetatur
678 1333 945 1392 Gradale.

207 1407 474 1479 Alleluya.
527 1409 587 1464 V.
656 1410 832 1464 Dicite
855 1410 914 1463 in
936 1411 1189 1482 gentibus
1212 1412 1342 1484 quia

153 1476 392 1532 Dominus
414 1480 666 1550 regnavit
688 1499 722 1535 a
743 1480 907 1553 ligno.

212 1549 528 1626 Sequentia.

151 1649 195 1686 a.
231 1628 501 1688 Victimae
529 1629 787 1688 Paschali

281 1706 478 1766 laudes
504 1708 804 1767 immolant
828 1708 1154 1769 Christiani.

151 1785 187 1841 b.
222 1784 415 1864 Agnus
443 1788 693 1846 redemit
719 1807 867 1860 oves,

280 1862 542 1924 Christus
570 1866 838 1925 innocens
866 1867 1026 1925 Patri

282 1943 665 2001 reconciliavit
691 1952 1024 2022 peccatores,

151 2020 188 2075 b.
223 2019 378 2079 Mors
406 2030 470 2080 et
494 2023 615 2080 vita
640 2022 828 2080 duello

281 2099 593 2159 conflixere
623 2102 898 2173 mirand0,

280 2178 397 2235 dux
423 2179 558 2237 vitae
586 2187 840 2238 mortuus
866 2189 1070 2260 regnat
1095 2179 1269 2238 vivus.

151 2275 187 2310 c.
223 2254 322 2314 Dic
356 2257 538 2328 nobis,
573 2257 780 2331 Maria,

283 2335 417 2412 quid
444 2335 637 2394 vidisti
664 2336 723 2393 in
749 2337 886 2394 via?

152 2410 194 2466 d·
231 2409 599 2491 Sepulchrum
628 2414 841 2473 Christi
870 2412 1130 2485 viventis,

282 2501 338 2550 et
401 2492 605 2550 loriam
636 2493 750 2551 vidi
776 2492 1139 2572 resurgentis.

152 2588 188 2624 c.
223 2513 518 2649 Angcilicos
545 2579 737 2644 testeS,
790 2595 795 2600 ·

282 2650 572 2707 sudarium
601 2659 659 2709 et
690 2657 893 2709 vestes.

152 2724 198 2782 d.
234 2727 496 2787 Surrexit
520 2728 779 2789 Christus
806 2748 831 2786 s
875 2747 933 2786 es
960 2735 1170 2799 nostra,

284 2808 568 2884 praecedet
596 2827 691 2865 vos
717 2807 775 2864 in
860 2804 1116 2864 alilaeam.

152 2902 189 2938 e·
223 2882 578 2945 Credendum
625 2893 712 2944 est
755 2885 935 2964 magis
974 2883 1074 2943 soli
1123 2883 1329 2941 Mariae

284 2982 465 3022 veraci

286 3060 453 3118 quam
471 3007 814 3100 'Judaeorum
843 3042 1028 3099 turbae
1052 3038 1253 3098 fallaci.

151 3136 186 3171 e.
224 3116 433 3178 Scimus
460 3119 751 3181 Christum
779 3120 1087 3179 surrexisse
1113 3138 1149 3175 a
1174 3138 1326 3177 mor-

286 3198 397 3255 tuis
423 3217 594 3257 vere:

287 3285 349 3334 tu
376 3278 557 3347 nobis,
586 3277 767 3335 victor
791 3275 941 3345 Rex,
969 3273 1259 3333 miserere.

220 3351 513 3431 Sequentia
532 3355 716 3412 sancti
733 3353 1042 3430 Eva‘nyelii
1063 3376 1080 3411 .·
1123 3351 1330 3411 Secun-

150 3428 267 3488 dwm
291 3433 680 3491 Matthaeum.0

218 3510 286 3568 In
310 3511 407 3570 illo
443 3522 721 3588 tempore,
751 3509 1038 3569 Undecim
1069 3508 1325 3588 discipuli

151 3587 389 3650 abierunt
415 3590 476 3647 in
517 3588 832 3660 Galilaeam,
859 3588 919 3646 in
948 3597 1203 3647 montem
1229 3587 1327 3646 ubi

150 3669 495 3728 constituerat
534 3667 644 3726 illis
682 3669 725 3727 J
728 3686 869 3726 esne.
953 3666 1033 3725 Et
1071 3667 1328 3725 videntes

152 3762 260 3803 eum
275 3747 679 3806 adoraverunt:
708 3745 932 3824 quidam
956 3757 1146 3804 autem
1164 3745 1327 3803 dubi-

150 3828 409 3884 taverunt.
491 3825 571 3884 Et
595 3825 863 3884 accedens
903 3825 945 3882 J
947 3843 1073 3882 esus
1111 3822 1325 3881 locutus

150 3909 221 3960 est
255 3904 352 3976 eie,
378 3904 608 3975 dicens;
651 3904 804 3962 Data
835 3912 920 3962 est
959 3900 1099 3959 mihi
1145 3903 1326 3959 omnis

147 3992 371 4053 potestas
395 3983 458 4039 in
499 3981 637 4041 coelo
664 3992 724 4041 et
750 3983 822 4038 'in
853 3991 1026 4040 terra.
1109 3978 1328 4039 Euntes

149 4075 265 4137 ergo
282 4062 477 4120 docete
499 4081 693 4119 omnes
712 4068 936 4140 gentes:
976 4059 1329 4138 baptizantes

147 4153 226 4193 eos
240 4138 295 4195 in
313 4141 541 4198 nomine
560 4140 750 4198 Patris
767 4148 827 4197 et
847 4137 981 4196 Filii
1002 4148 1062 4196 et
1083 4137 1327 4216 Spiritus

145 4263 171 4291 ⁸
199 4272 298 4309 non
323 4257 526 4311 habent
550 4254 635 4309 92.
663 4255 747 4311 97.
776 4254 860 4309 98.
888 4253 984 4308 4L.
1014 4253 1079 4307 V.

146 4325 172 4363 ¹²
202 4326 279 4380 Ps.
329 4328 486 4382 cxvii.
541 4326 738 4397 (cxviii.
793 4326 878 4394 24,
933 4325 1017 4394 26,
1060 4324 1171 4396 27.)
1212 4341 1325 4379 xcv.

147 4396 285 4466 (xcvi.
312 4398 421 4470 10.)

144 4466 952 4611 :a2.222325·<¹3·2512,1⁶-20·>

1156 272 1328 325 Pos'r
1362 277 1667 332 PAsan.

1929 287 2274 343 sABBA'ro.
2538 281 2666 348 378

1455 435 1687 500 Sancti:
1755 442 2022 504 docentes
2069 467 2163 507 eos
2203 468 2429 510 servare
2472 454 2665 512 omnia

1454 535 1821 597 quascumque
1861 525 2125 582 mandavi
2161 528 2336 586 vobis.
2416 529 2497 589 Et
2536 551 2661 592 ecce

1455 615 1561 672 ego
1615 601 1899 658 vobiscum
1947 622 2073 661 sum
2126 607 2390 665 omnibus
2442 609 2660 683 diebus,

1453 693 1631 752 usque
1645 677 1732 812 (xiid
1758 681 2301 742 consummationem
2328 685 2536 745 saeculi.

1532 755 1643 813 Cre
1687 774 1739 814 o.

1536 831 1948 907 Offertmium.‘¹

1523 908 1643 964 Erit
1665 912 1815 967 vobis
1850 913 1939 968 hic
1962 914 2075 969 dies
2106 916 2444 986 memorialis,
2470 920 2659 975 allelu-

1487 997 1523 1034 a
1539 999 1550 1033 ε
1572 986 1627 1034 et
1644 980 1787 1037 diem
1803 983 1998 1038 festum
2016 985 2351 1042 celebrabitis
2367 989 2658 1045 solemnem

1449 996 1685 1105 Domino
1707 1053 1767 1107 in
1791 1057 2069 1126 progenies
2092 1065 2327 1113 vestras:
2350 1059 2657 1131 legitimum

1448 1137 1562 1245 zcilm
1601 1122 1839 1178 iternum
1894 1125 2055 1196 diem,
2104 1128 2353 1202 alleluya,
2405 1131 2656 1206 alleluya,

1527 1209 1556 1245 e
1580 1210 1699 1264 uya.

1533 1262 1771 1326 Secreta.

1530 1342 1784 1417 Hostias,
1832 1366 2172 1424 quaesumuS,
2218 1350 2481 1424 Domine,
2533 1352 2653 1431 pla-

1447 1428 1602 1478 catus
1630 1442 1849 1482 assume
1874 1447 1888 1483 :
1931 1445 2068 1503 quas
2108 1435 2165 1485 et
2192 1448 2296 1506 pro
2322 1441 2651 1490 renatorum

1447 1500 1773 1576 expiatione
1819 1505 2028 1580 peccati
2077 1504 2400 1578 deferimus,
2443 1517 2503 1568 et
2589 1530 2654 1568 ro

1444 1576 1850 1712 aficeleratione
1902 1581 2141 1641 coelestis
2206 1583 2421 1643 auxilii.
2536 1530 2652 1646 {er

1506 1675 1779 1716 ommum.

1535 1733 1924 1794 communiae

1517 1811 1659 1866 Data
1676 1819 1757 1867 est
1779 1813 1913 1866 mihi
1929 1812 2103 1868 omnis
2119 1819 2354 1886 potestas
2367 1817 2426 1870 in
2442 1819 2577 1873 coelo
2595 1826 2652 1874 et

1442 1880 1505 1934 in
1543 1888 1698 1948 terra,
1726 1883 1998 1955 alleluya:
2027 1893 2216 1940 euntes
2250 1886 2432 1942 docete
2468 1906 2653 1944 omnes

1441 1959 1643 2023 gentes,
1670 1955 2003 2026 baptizantes
2026 1974 2111 2011 eos
2135 1959 2194 2009 in
2219 1959 2437 2013 nomine
2473 1959 2654 2014 Patris

1442 2030 1501 2078 et
1525 2023 1651 2077 Filii
1674 2032 1730 2080 et
1753 2026 1986 2098 Spiritus
2009 2028 2209 2099 Sancti,
2234 2024 2485 2101 alleluya,
2522 2031 2650 2086 alle-

1445 2094 1590 2166 luya.

1531 2167 1998 2229 Postcommunio.

1527 2247 1698 2318 Deus,
1739 2247 1836 2326 qui
1880 2249 2195 2328 adoptionis
2241 2258 2357 2309 tuse
2395 2249 2647 2310 sobolem

1444 2332 1801 2401 peccatorum
1832 2328 2159 2389 remissione
2190 2330 2455 2406 genuisti,
2484 2331 2559 2388 da
2585 2340 2650 2389 ut

1444 2403 1629 2462 cuncti
1664 2403 1862 2464 fideles
1900 2407 1986 2464 tui
2017 2410 2292 2466 veraciter
2329 2408 2647 2486 apprehen-

1445 2480 1607 2553 dant,
1660 2502 1789 2560 quae
1856 2487 2229 2563 praesentibus
2281 2496 2648 2566 susceperunt

1447 2562 1836 2620 sacramentis.
1918 2563 2033 2622 Per
2061 2565 2393 2623 Dominum.

1549 2716 1867 2790 Sabbato
1897 2732 2052 2813 post
2082 2722 2388 2794 Pascha.

1522 2812 1626 2870 Ad
1650 2813 1913 2874 Missam.
1998 2816 2300 2894 Officium-¹

1524 2890 1744 2950 Eduxit
1784 2894 2060 2952 Dominus
2101 2895 2368 2975 populum
2396 2916 2558 2953 suum
2586 2896 2646 2954 in

1444 2969 1841 3042 exsultatione,
1867 2971 2140 3049 alleluya:
2185 2981 2244 3037 et
2284 2972 2490 3033 electos
2519 2995 2647 3033 suos

1442 3049 1502 3106 in
1528 3047 1747 3121 laetitia,
1774 3048 2032 3127 alleluya,
2059 3051 2317 3129 alleluya.

1524 3127 1840 3186 Psalmuas

1508 3205 1854 3259 confitemini
1869 3204 2099 3260 Domino
2113 3212 2167 3260 et
2189 3205 2433 3260 invocate
2447 3223 2644 3262 nomen

1443 3274 1562 3347 ejus
1582 3296 1593 3330 z
1620 3275 1948 3330 annunciate
1964 3275 2110 3331 inter
2129 3283 2315 3348 gentes
2332 3293 2491 3348 opera
2508 3278 2556 3349 ej
2564 3295 2641 3334 us.

1521 3348 1705 3424 Kyrie
1732 3348 1976 3425 eleyson.

1527 3425 1742 3486 Oratio·

1541 3504 1817 3576 Concede,
1885 3523 2220 3582 quaesumuS,
2283 3504 2641 3584 omnipotens

1442 3584 1615 3654 Deus,
1642 3591 1708 3642 ut
1734 3584 1832 3661 qui
1850 3582 1993 3642 festa
2014 3582 2304 3642 Paschalia
2322 3585 2642 3643 venerando

1441 3662 1686 3740 egimus:
1728 3682 1833 3740 per
1858 3661 1982 3720 haec
2000 3662 2327 3741 contingere
2348 3662 2418 3718 ad
2439 3662 2643 3738 gaudia

1441 3751 1660 3800 aeterna
1685 3760 2021 3798 mereamur.
2108 3738 2222 3799 Per
2251 3740 2581 3797 Dominum.

1518 3819 1711 3877 Lectio
1746 3816 2027 3896 Epistoloe
2067 3819 2214 3876 beati
2250 3817 2419 3876 Petri
2453 3818 2639 3896 Apos-

1440 3898 1596 3956 totth

1522 3974 1869 4047 Charissimi,
1906 3977 2270 4054 Deponentes
2306 3973 2480 4052 igitur
2522 3993 2640 4032 om-

1441 4075 1575 4113 nem
1627 4053 1899 4112 malitiam
1954 4063 2013 4113 et
2067 4074 2295 4112 omnem
2343 4052 2534 4112 dolum
2582 4063 2643 4113 et

1440 4132 1823 4193 simulationes
1851 4140 1910 4190 et
1949 4132 2186 4190 invidias
2213 4141 2273 4192 et
2313 4152 2506 4192 omnes
2544 4132 2642 4192 de-

1442 4258 1466 4287 0
1504 4247 1638 4302 Mat.
1666 4246 1850 4301 xxviii.
1878 4246 1948 4317 (v.
1978 4245 2062 4316 18,
2093 4245 2203 4319 19.)

1440 4320 1462 4357 1'
1502 4319 1589 4372 Ps.
1616 4317 1714 4372 civ.
1764 4334 1842 4371 cv.
1869 4316 1982 4386 43.)

1441 4399 1470 4437 s
1505 4389 1576 4443 ib.
1606 4389 1675 4458 (v.
1705 4387 1751 4440 1.

1444 4460 1475 4498 h
1513 4461 1542 4511 1
1571 4458 1687 4512 Pet.
1713 4473 1826 4527 cap.
1853 4455 1908 4508 ii.
1936 4456 2005 4511 A.
2034 4456 2106 4528 (v.
2136 4456 2316 4528 1-10.)
