2975 5009
305 223 433 288 431
707 236 869 285 rna.
902 235 981 284 11.

468 389 929 472 po-m.-lorumve
956 391 1162 469 gaudia
1187 392 1468 451 ce·n.-das

465 479 744 550 perpetua
766 470 1086 548 at-klc.-que
1114 490 1307 548 regna.

307 571 357 608 0.
403 549 487 609 'Pe
515 551 679 608 decet
703 549 823 608 laus
851 568 956 626 per
981 560 1243 626 tempora

467 637 528 687 et
555 627 738 707 gloria
762 627 969 697 sidera,

472 706 524 765 O
553 715 813 764 sanctum
841 705 1118 764 Pneuma.

300 804 366 862 p.
408 784 496 842 'I'u
523 786 740 842 animas
770 792 829 842 et
854 802 1092 862 corpora

467 872 681 932 nostra,
713 860 960 932 Christe,
988 861 1272 938 possideas

468 941 529 998 in
556 941 905 1029 sempiterna
929 939 1098 997 doxa.

417 1018 805 1094 Evanyelzum
847 1039 869 1076 .·
952 1016 1255 1096 Sequentia
1330 1019 1515 1076 saneti

305 1096 617 1172 Evanyelii
641 1119 659 1154 :
704 1094 1023 1154 Secundum
1048 1095 1387 1153 Johanmm.
1410 1107 1439 1136 ὃ

389 1175 461 1232 In
492 1174 589 1233 illo
610 1184 884 1252 tempore,
907 1174 1072 1232 Dixit
1099 1174 1141 1232 J
1145 1194 1270 1232 esus
1290 1174 1511 1231 cuidam

304 1252 550 1387 principi
590 1251 1048 1323 Pharisaeorum3
1096 1251 1188 1311 Sic
1229 1252 1384 1311 Deus
1425 1253 1512 1310 di-

329 1331 450 1389 exit
491 1332 787 1402 mundum,
818 1340 883 1387 ut
924 1330 1138 1388 Filium
1179 1349 1342 1388 suum
1382 1331 1510 1388 uni-

304 1409 567 1486 genitum
606 1410 807 1469 daret:
869 1416 936 1467 ut
975 1410 1158 1467 omnis
1191 1410 1290 1485 qui
1329 1409 1512 1467 credit

307 1489 366 1544 in
397 1508 526 1546 eum
556 1507 670 1547 non
752 1493 927 1559 ereat,
956 1487 1055 1546 sed
1095 1487 1301 1545 habeat
1335 1487 1508 1544 vitam

305 1573 603 1625 aeternam.
779 1586 852 1623 on
907 1566 1063 1624 enim
1131 1566 1288 1624 misit
1352 1566 1511 1623 Deus

305 1644 514 1703 Filium
558 1665 720 1702 suum
764 1644 824 1701 in
867 1645 1143 1702 mundum
1188 1652 1254 1702 ut
1291 1644 1513 1722 judicet

305 1724 601 1794 mundum,
630 1723 731 1781 sed
756 1730 822 1781 ut
848 1721 1096 1781 salvetur
1123 1723 1366 1781 mundus
1406 1743 1511 1801 per

304 1802 508 1879 ipsum.
589 1802 703 1870 Qui
730 1801 913 1859 credit
940 1801 999 1858 in
1029 1821 1178 1871 eum,
1209 1820 1322 1858 non
1356 1803 1509 1880 judi-

303 1890 499 1938 catur:
569 1881 666 1957 qui
719 1887 913 1938 autem
965 1899 1081 1938 non
1134 1880 1336 1949 credit,
1385 1882 1508 1961 jam

295 1956 582 2035 judicatus
614 1966 735 2017 est:
778 1958 910 2034 quia
950 1978 1066 2015 non
1093 1956 1279 2017 credit
1318 1960 1379 2016 in
1407 1979 1509 2016 no-

303 2037 459 2094 mine
504 2036 787 2115 unigeniti
837 2035 974 2093 Filii
1021 2036 1152 2093 Dei.
1249 2036 1378 2094 Hoc
1421 2046 1511 2096 est

302 2123 493 2172 autem
539 2114 851 2192 judicium;
913 2113 1045 2190 quia
1090 2112 1191 2170 lux
1245 2115 1401 2173 venit
1445 2117 1508 2173 in

303 2192 601 2264 mundum,
621 2205 680 2251 et
700 2192 1030 2250 dilexerunt
1050 2191 1309 2249 homines
1329 2195 1510 2272 magis

302 2271 568 2329 tenebras
622 2289 792 2348 quam
845 2268 1027 2327 lucem
1057 2289 1070 2326 :
1132 2280 1297 2329 erant
1350 2274 1506 2331 enim

304 2367 501 2406 eorum
530 2348 680 2405 mala
715 2366 904 2425 opera.
1003 2348 1203 2406 Omnis
1231 2350 1381 2407 enim
1410 2352 1507 2428 qui

304 2425 453 2485 male
481 2426 617 2505 agit,
647 2427 765 2483 odit
792 2425 993 2498 lucem,
1025 2434 1082 2485 et
1110 2445 1223 2483 non
1250 2429 1408 2487 venit
1433 2430 1508 2487 ad

304 2502 503 2576 lucem,
533 2514 598 2562 ut
625 2524 740 2563 non
780 2512 1095 2583 arguantur
1135 2524 1307 2584 opera
1345 2507 1505 2586 ejus:

303 2582 402 2660 qui
447 2592 638 2642 autem
686 2583 819 2641 facit
868 2584 1186 2654 veritatem,
1233 2585 1391 2645 venit
1435 2587 1508 2645 ad

303 2660 507 2731 lucem,
549 2669 616 2719 ut
659 2662 1097 2720 manifestentur
1150 2663 1270 2742 ejus
1318 2683 1509 2744 opera,

303 2740 435 2818 quia
459 2741 521 2797 in
546 2739 672 2799 Deo
697 2749 830 2799 sunt
854 2739 1019 2799 facta.

383 2817 587 2877 Credo,

388 2896 799 2974 offertorium?

375 2972 629 3028 Intonuit
651 2975 717 3028 de
740 2974 874 3029 coelo
912 2974 1189 3045 Dominus,
1222 2979 1278 3029 et
1313 2975 1508 3030 altissi-

305 3060 427 3097 mus
460 3045 612 3098 dedit
648 3062 829 3099 vocem
854 3063 1022 3116 suam,
1049 3052 1105 3100 et
1139 3054 1510 3119 apparuerunt

304 3114 477 3168 fontes
499 3133 779 3185 aquarum,
805 3116 1055 3189 alleluya.

388 3185 626 3245 Secreta.

386 3264 625 3336 Praesta,
652 3285 990 3343 quaesumus,
1018 3266 1284 3339 Domine,
1312 3275 1378 3325 ut
1417 3288 1505 3328 se·

304 3344 550 3401 cundum
594 3344 1022 3421 promissionem
1073 3345 1204 3404 Filii
1251 3348 1337 3404 tui
1387 3348 1505 3406 Do·

303 3422 446 3478 mini
506 3423 686 3479 nostri
750 3422 892 3481 Jesu
958 3422 1194 3494 Christi,
1252 3423 1504 3503 Spiritus

305 3498 540 3558 Sanctus
590 3508 648 3558 et
691 3499 858 3578 hujus
902 3500 1061 3559 nobis
1107 3501 1366 3561 sacrificii
1413 3527 1502 3564 co-

304 3578 509 3657 piosius
562 3577 776 3638 revelet
828 3598 1114 3649 arcanum,
1171 3589 1229 3639 et
1275 3602 1504 3644 omnem

302 3663 520 3715 reseret
545 3677 648 3735 pro
690 3656 823 3715 itius
849 3656 1165 3715 veritatem.
1246 3658 1361 3718 Per
1385 3663 1506 3721 Do·-

303 3735 542 3793 minum.
626 3679 700 3793 Ilii
727 3736 948 3793 unitate
977 3734 1246 3811 ejusdem.

379 3812 674 3885 Proefatio.
761 3812 876 3879 Qui
917 3813 1222 3874 ascendens
1248 3823 1299 3873 et
1332 3817 1502 3878 Com-

303 3893 654 3949 municantes
680 3899 729 3948 et
755 3891 925 3949 Hanc
949 3889 1141 3968 igitur.

385 3968 766 4029 Communio.⁰

370 4045 605 4119 Spiritus
623 4045 852 4100 Sanctus
874 4043 1084 4101 docebit
1101 4064 1205 4121 vos,
1233 4050 1499 4125 alleluya:

296 4322 325 4352 ⁸
359 4329 472 4383 cap.
498 4309 582 4394 iii.
602 4309 663 4364 B.
693 4309 1009 4439 (Elii-213

296 4384 325 4422 b
362 4382 448 4435 Ps.
474 4398 600 4436 xvu.
628 4382 797 4452 (xvm.
826 4381 909 4452 14,
940 4386 964 4438 1
1010 4385 1050 4457 .)

295 4463 321 4492 ο
355 4451 556 4506 Johan.
583 4469 694 4523 cap.
722 4453 829 4510 xiv.
857 4454 930 4526 (v.
957 4457 1069 4526 26.)

1212 236 1386 285 Posm
1421 234 1962 284 Psnmnoosrnu.

2192 232 2355 286 run.
2389 238 2499 286 111.
2725 221 2840 286 432
2941 228 2942 295 ξ

1636 406 1980 514 ῗιιωοωιφιο
2014 391 2201 447 dixero
2235 393 2402 464 vobis,
2440 392 2702 466 alleluya,
2726 392 2839 447 alle-

1666 480 1701 514 u
1740 479 1787 515 a.

1701 480 2196 591 ἃ,ΤΡοειεοίηφηίιίνίο.

1714 611 1956 670 Plenum
1995 612 2055 669 in
2097 613 2277 683 nobis,
2316 613 2587 685 Domine,
2635 634 2838 691 quaesu-

1635 709 1781 761 mus,
1825 691 2139 748 remedium
2183 700 2395 749 nostrae
2437 692 2837 770 redemptionis

1637 786 1873 846 operare
1885 789 1901 838 ;
1931 777 1996 826 ut
2013 768 2366 829 habitatione
2387 768 2587 828 Sancti
2608 771 2837 848 Spiritus

1631 845 1792 925 digni
1821 845 1969 904 effici
1999 847 2300 905 valeamus.
2385 847 2504 908 Per
2534 849 2835 906 Dominum

1630 932 1889 982 nostrum
1910 925 1953 984 J
1954 945 2112 984 esum
2132 924 2450 986 Christum.
2527 927 2609 986 In
2630 927 2835 987 unitate

1631 1002 1906 1080 ejusdem.

1732 1119 1948 1193 Feria
1971 1123 2175 1194 tertia
2195 1133 2360 1217 post
2378 1125 2831 1198 Pentecosten.

1711 1217 1819 1275 Ad
1845 1218 2110 1276 Missam.
2198 1220 2482 1296 Officium.

1695 1296 1955 1374 Accipite
1963 1296 2379 1373 jocunditatem
2396 1300 2605 1377 gloriae
2624 1310 2831 1372 vestrae,

1628 1372 1894 1451 alleluya:
1924 1377 2137 1454 gratias
2156 1385 2390 1454 agentes
2410 1378 2559 1451 De0,
2578 1379 2830 1456 alleluya:

1628 1453 1725 1530 qui
1781 1473 1878 1512 vos
1932 1453 2006 1510 ad
2060 1454 2310 1513 coelestia
2360 1476 2545 1536 regna
2600 1460 2830 1529 vocavit,

1628 1529 1892 1608 alleluya,
1920 1531 2179 1610 alleluya,
2207 1533 2466 1611 alleluya.

1712 1609 2028 1667 Ρεαῖφητιεςέι

1702 1685 2006 1755 Attendite,
2033 1688 2228 1758 popule
2246 1705 2410 1759 meus,
2433 1689 2612 1761 legem
2638 1707 2831 1746 meam:

1628 1755 1893 1839 inclinate
1928 1775 2115 1812 aurem
2153 1765 2383 1815 vestram
2425 1761 2491 1813 in
2533 1763 2702 1817 verba
2740 1762 2833 1816 oris

1629 1844 1753 1882 mei.

1714 1898 1934 1957 Oratio,

1709 1977 1889 2035 Adsit
1941 1976 2120 2050 nobiS,
2173 1977 2440 2052 Domine,
2496 2001 2828 2060 quaesumus,

1628 2053 1811 2113 virtus
1853 2055 2102 2133 Spiritus
2136 2056 2367 2129 Sancti3
2411 2078 2543 2135 quae
2575 2070 2636 2119 et
2675 2061 2830 2119 corda

1629 2142 1828 2192 nostra
1842 2133 2155 2193 clementer
2171 2154 2357 2215 expui·
2397 2145 2475 2208 et,
2495 2148 2556 2196 et
2571 2141 2644 2198 ab
2662 2139 2832 2197 omni-

1628 2213 1735 2270 bus
1755 2221 1984 2271 tueatur
2004 2212 2273 2271 adversis.

1630 2289 1705 2348 In
1734 2291 1957 2349 unitate
1984 2290 2260 2368 ejusdem.

1705 2368 1972 2445 Epistola
1986 2391 2008 2428 .·
2046 2368 2240 2428 Lectio
2265 2370 2523 2430 Actuum
2540 2372 2830 2451 Apostolo-

1625 2461 1804 2503 ruma³

1708 2522 1784 2581 In
1822 2523 2018 2582 diebus
2057 2522 2187 2597 illis,
2227 2525 2374 2586 Cum
2420 2527 2714 2587 audissent
2749 2528 2826 2586 A·

1624 2601 1829 2679 postoli
1865 2601 1964 2678 qui
2004 2613 2172 2661 erant
2216 2604 2658 2682 Hierosolymis,
2703 2607 2828 2684 quia

1625 2681 1928 2757 recepisset
1956 2681 2215 2740 Samaria
2240 2685 2478 2742 verbum
2508 2686 2639 2756 Dei,
2668 2688 2827 2743 mise-

1624 2766 1766 2815 runt
1811 2758 1884 2815 ad
1932 2778 2025 2817 eos
2072 2758 2313 2818 Petrum
2361 2769 2421 2821 et
2467 2761 2511 2820 J
2513 2762 2826 2822 ohannem:

1624 2836 1722 2912 qui
1752 2856 1882 2893 cum
1902 2837 2210 2909 venissent,
2231 2848 2543 2898 oraverunt
2569 2862 2674 2919 pro
2698 2842 2829 2921 ipsis

1625 2922 1693 2971 ut
1710 2914 2034 2992 acciperent
2056 2915 2338 2994 Spiritum
2362 2919 2664 2979 Sanctum:
2693 2940 2829 2977 non-

1624 2992 1763 3049 dum
1785 2993 1936 3050 enim
1959 2993 2018 3049 in
2048 3013 2391 3072 quemquam
2413 2996 2644 3055 illorum
2666 3017 2827 3058 vene-

1624 3078 1732 3141 rat,
1787 3072 1887 3129 sed
1942 3072 2214 3150 baptizati
2269 3083 2495 3132 tantum
2553 3085 2717 3135 erant
2768 3076 2827 3133 in

1624 3148 1856 3208 nomine
1884 3147 2119 3208 Domini
2144 3150 2187 3209 J
2189 3172 2304 3210 esu.
2387 3154 2552 3211 'I'unc
2578 3157 2827 3232 impone·

1622 3227 1764 3284 bant
1789 3246 1994 3285 manus
2021 3248 2193 3308 super
2217 3230 2362 3304 illos,
2392 3241 2453 3291 et
2478 3234 2829 3312 accipiebant

1623 3302 1902 3383 Spiritum
1930 3305 2221 3366 Sanctum.

1693 3382 1966 3453 Alleluya.
2017 3382 2076 3437 V.
2150 3384 2355 3439 Emitte
2384 3386 2646 3458 Spiritum
2671 3391 2829 3441 tuum

1620 3457 1675 3506 et
1690 3454 2014 3506 creabuntur
2032 3474 2042 3506 :
2069 3460 2124 3509 et
2136 3457 2417 3510 renovabis
2431 3458 2625 3512 faciem
2639 3456 2835 3512 terrae.¹

1693 3523 1967 3594 Alleluya.
2018 3525 2077 3578 V.
2153 3525 2309 3594 Veni,
2348 3527 2547 3582 Sancte
2581 3529 2826 3600 Spiritus,

1619 3593 1764 3664 reple
1812 3599 2030 3648 tuorum
2079 3597 2239 3651 corda
2285 3598 2531 3652 fidelium
2582 3619 2594 3653 :
2642 3606 2699 3654 et
2749 3597 2832 3653 tui

1620 3663 1815 3719 amoris
1839 3665 1899 3717 in
1925 3664 2001 3718 eis
2025 3666 2207 3738 ignem
2231 3669 2475 3724 accende.

2406 2235 2472 2274 er
2499 2216 2825 2276 Dominum.

1696 3735 2016 3812 Sequentia.

1617 3833 1673 3871 a.
1716 3814 1843 3949 Eyg
1883 3817 2150 3874 mu·b.-sa
2190 3816 2284 3876 dic
2323 3837 2516 3895 quaeso
2554 3817 2832 3897 praeclara

1616 3989 1662 4027 c.
1705 3911 2244 4050 Blzncdli‘iial'baecaque
2290 3973 2478 4036 libens
2530 3982 2832 4054 perstrepe

1773 4068 2002 4127 organa.

1611 4326 1641 4363 ‘¹
1678 4325 1765 4381 Ps.
1791 4328 1978 4384 lxxvii.
2007 4330 2239 4402 (lxxviii.
2269 4334 2344 4405 l.)

1614 4405 1639 4435 θ
1674 4414 1788 4468 cap.
1815 4399 1926 4454 viii.
1955 4400 2012 4455 G.
2042 4403 2113 4473 (v.
2143 4403 2363 4476 14-17.)

1614 4467 1636 4505 ¹
1670 4468 1757 4523 Ps.
1783 4469 1890 4525 ciii.
1921 4471 2042 4543 (civ.
2072 4472 2184 4545 30.)
