2975 5009
322 260 405 321 15
891 241 1252 326 Doiuch
1285 276 1514 325 PRIMA
1551 276 1942 325 ADvnNTUs
1977 276 2253 324 DOM1N1.

399 430 540 487 Haec
565 439 693 488 susnt
721 430 873 507 festa
899 434 965 490 in
997 434 1194 509 quibus
1220 434 1521 490 dicendum

321 515 397 564 est
448 508 650 580 Crede,
704 512 1006 568 secundum
1056 533 1222 569 usum
1287 512 1516 570 Sarum.

327 585 599 643 Omnibus
639 587 940 646 dominicis
979 589 1168 646 diebus
1200 610 1307 666 per
1346 597 1521 646 totum

322 683 537 721 annum
579 665 657 721 ad
695 686 962 741 maynam
1001 668 1231 724 missam
1259 690 1275 724 :
1301 668 1414 724 sive
1453 668 1521 724 de

324 741 613 799 dominica
642 744 833 817 ayitur
857 745 970 802 sive
996 766 1124 802 non.
1223 745 1303 802 In
1332 745 1520 801 missis

323 826 509 876 tamen
548 820 884 895 viyiliarum
911 830 960 879 et
986 829 1304 879 sanctorum
1344 824 1522 880 trium

325 897 617 954 lectionum
638 904 662 928 ⁸
708 906 756 955 et
802 900 868 956 in
909 900 1095 957 missis
1137 899 1522 976 defunctorum

323 995 444 1049 quoe
464 975 530 1031 in
556 976 802 1051 capitulo
829 977 895 1033 in
915 978 1214 1035 dominicis
1235 978 1519 1048 dicuntur,

322 1073 434 1109 non
454 1053 683 1110 dicitur.
746 1053 857 1113 Sed
872 1055 924 1111 si
940 1056 1112 1112 missa
1127 1056 1487 1113 dominicalis
1500 1057 1522 1087 ²³

322 1130 388 1187 in
414 1131 661 1206 capitulo
681 1130 911 1204 dicitur,
934 1141 1063 1190 tunc
1083 1133 1297 1190 dicitur
1320 1134 1519 1192 Credo.

327 1205 573 1264 Dicetur
618 1209 788 1266 etiam
868 1232 927 1266 er
972 1218 1086 1268 octo
1128 1211 1246 1268 dies
1287 1212 1358 1269 N
1353 1212 1521 1268 ativi-

321 1285 456 1342 tatis
478 1283 742 1356 Domini,
773 1231 1007 1345 Pldschoe
1023 1297 1071 1345 et
1094 1287 1445 1360 PentecosteS,
1474 1298 1523 1346 et

325 1363 390 1420 in
419 1364 575 1420 omni
600 1363 822 1440 duplici
844 1364 989 1440 festo
1007 1388 1115 1442 per
1140 1387 1354 1424 annum
1381 1376 1430 1424 et
1457 1368 1524 1425 in

324 1441 577 1498 omnibus
603 1441 766 1516 sestis
805 1442 1199 1520 Apostolorum
1239 1453 1288 1502 et
1327 1446 1522 1502 Evan-

325 1518 653 1593 9elistarum
698 1527 747 1576 et
772 1521 839 1577 in
878 1530 1106 1599 utroque
1133 1521 1278 1598 festo
1319 1533 1524 1580 sanctce

330 1594 528 1654 Crucis
555 1605 604 1654 et
630 1597 696 1654 in
706 1597 852 1673 festo
877 1609 1079 1657 sanctoe
1105 1602 1321 1660 Marioe
1352 1601 1523 1676 May-

325 1673 554 1745 daleowe,
623 1684 672 1732 et
737 1676 803 1734 in
867 1685 1097 1754 utroque
1146 1680 1290 1755 sesto
1342 1680 1526 1736 saneti

325 1751 645 1824 Michaelis,
701 1762 750 1810 et
801 1755 868 1812 in
919 1757 1092 1813 missa
1156 1758 1521 1834 sponsalium.

327 1827 571 1888 Dicetur
617 1832 789 1888 etiam
829 1832 907 1889 ad
949 1834 1181 1891 missam
1223 1836 1289 1891 de
1331 1844 1525 1892 sancta

324 1907 530 1965 Maria
596 1909 855 1984 (quando
909 1911 986 1967 ad
1038 1912 1269 1968 missam
1320 1912 1386 1969 de
1433 1913 1526 1969 die

326 1986 624 2043 dicendum
645 1989 753 2061 est)
766 2008 873 2063 per
899 1996 1070 2045 totum
1101 2010 1348 2047 annum:
1385 1998 1434 2047 et
1461 1991 1527 2048 in

324 2097 351 2125 ⁸
386 2088 501 2141 sine
525 2087 784 2159 regimine
807 2089 969 2143 chori.
997 2090 1082 2144 26.
1110 2091 1193 2146 57.

325 2159 353 2196 b
389 2158 447 2210 in
472 2159 752 2212 dominica.
780 2159 864 2213 26.
893 2161 977 2216 57.

324 2256 509 2308 lectum
558 2254 907 2323 Evanqelium
954 2262 1001 2310 et
1046 2258 1235 2327 offerat
1280 2260 1532 2312 sacerdoti

324 2326 519 2378 librum
536 2327 912 2394 evanyeliorum
930 2329 1004 2380 vel
1021 2334 1215 2381 textum
1233 2330 1528 2382 deosculan-

324 2397 455 2449 dum
479 2397 539 2448 in
562 2397 796 2449 sinistris
818 2398 1181 2465 ejus—(irad.

395 2465 430 2499 ἦ
466 2466 670 2519 Deinde
702 2469 936 2521 sacerdos
957 2486 1224 2523 conversus
1258 2470 1333 2523 ad
1355 2487 1530 2538 popu-

324 2537 437 2589 lum
484 2537 627 2589 dicat
674 2536 937 2592 Dominus
982 2540 1285 2606 vobiscum3
1346 2540 1532 2593 chorus

323 2608 628 2675 respondeat
668 2607 739 2660 Et
786 2625 908 2661 cum
951 2610 1145 2679 spiritu
1191 2616 1299 2663 tuo.
1397 2611 1532 2663 Item

322 2678 557 2729 sacerdos
581 2679 654 2730 ad
679 2679 844 2730 altare
867 2680 1256 2734 dicat.-—Grad.

380 2747 417 2816 †
441 2747 595 2800 Dicto
624 2748 914 2816 OffertoriO,
931 2752 1163 2803 sacerdos
1185 2752 1373 2820 offerat
1394 2752 1530 2804 obla-

323 2819 525 2885 tionem,
547 2820 622 2870 sic
643 2820 870 2887 dicende,
898 2819 1114 2891 Suscipe
1137 2821 1335 2875 Sancta
1357 2821 1531 2873 Trini-

323 2894 407 2941 tas
417 2907 428 2953 ;
456 2906 561 2958 qua
578 2890 733 2955 dicta,
752 2895 968 2958 reponat
985 2893 1192 2944 calicem
1209 2898 1256 2945 et
1279 2894 1534 2961 cooperiat

323 2976 441 3011 eum
472 2961 835 3028 corporalibus,
863 2967 1131 3032 ponatque
1154 2980 1352 3030 panem
1376 2980 1534 3031 super

322 3032 613 3097 corporalia
665 3032 893 3084 decenter
944 3038 1065 3085 ante
1112 3034 1320 3085 calicem
1371 3034 1531 3085 conti-

322 3104 526 3152 nentem
571 3102 754 3153 vinum
801 3107 847 3154 et
893 3119 1088 3171 aquam
1103 3122 1123 3167 ,·
1185 3109 1232 3156 et
1278 3106 1534 3156 osculetur

312 3174 570 3237 patenam
610 3176 657 3223 et
694 3177 855 3238 ponet
894 3190 1008 3224 eam
1049 3191 1085 3226 a
1133 3174 1330 3226 dextris
1375 3191 1535 3241 super

320 3241 485 3292 altare
502 3242 596 3293 sub
611 3243 961 3308 corporalibus
968 3260 1171 3310 parum
1185 3245 1528 3311 cooperienda

320 3310 437 3362 Hoc
458 3312 633 3380 itaque
657 3317 882 3379 peract0,
908 3314 1134 3380 accipiat
1159 3316 1391 3366 sacerdos
1414 3315 1531 3366 thu-

317 3382 556 3433 ribulum
570 3398 605 3432 a
618 3382 847 3449 diacon0,
860 3387 906 3434 et
920 3383 1181 3453 thurificet
1192 3385 1529 3455 sacrificium,

320 3452 547 3504 videlicet
582 3452 642 3503 in
676 3453 899 3504 circuitu
934 3455 1112 3507 calicis
1135 3459 1181 3507 et
1215 3472 1276 3507 ex
1311 3461 1535 3525 utraque

312 3527 471 3590 parte
506 3522 680 3573 calicis
716 3527 762 3574 et
798 3523 1052 3592 sacrificii
1068 3544 1088 3588 ‚·
1141 3525 1326 3577 deinde
1365 3527 1533 3578 locum

320 3593 460 3644 inter
490 3609 541 3643 se
572 3597 619 3644 et
653 3593 818 3645 altare
834 3613 855 3657 ,·
893 3600 941 3646 et
975 3595 1104 3646 dum
1135 3594 1528 3665 thurificaverit,

319 3664 463 3715 dicat
517 3662 804 3732 Dirigatur,
851 3664 1091 3731 Domine,
1143 3666 1212 3718 ad
1260 3674 1314 3720 te
1362 3667 1532 3720 oratio

321 3750 454 3786 mea.
529 3733 605 3785 Et
616 3739 797 3801 postea
820 3733 1152 3803 thurificetur
1172 3736 1282 3803 ipse
1297 3738 1533 3790 sacerdos

318 3806 385 3857 ab
420 3804 534 3871 ipso
569 3804 788 3856 diacono
802 3823 822 3866 ,·
873 3809 919 3857 et
952 3807 1299 3860 subdiaconus
1332 3806 1534 3878 deferat

320 3876 370 3927 ei
391 3879 587 3926 textum
610 3875 683 3926 ad
717 3875 1154 3939 deosculandum;
1204 3877 1389 3931 deinde
1416 3895 1529 3931 aco-

318 3948 460 4013 lytus
477 3944 741 4013 thurificet
765 3944 1007 4012 chorum,
1027 3946 1285 4014 incipiens
1302 3965 1338 4001 a
1352 3948 1529 4001 Recto-

320 4017 468 4068 ribus
506 4014 695 4082 chori,d
731 4015 914 4068 deinde
954 4018 1217 4084 superiore
1251 4020 1430 4087 yradu
1468 4037 1530 4073 ex

310 4090 470 4154 parte
528 4086 770 4152 cantoris,
833 4087 1002 4139 eodem
1060 4089 1243 4141 ordine
1260 4109 1280 4153 ;
1344 4091 1530 4143 exinde

320 4157 560 4209 secundis
577 4153 725 4225 foris
765 4153 1012 4226 (formis)
1049 4164 1096 4211 et
1121 4160 1322 4228 primis
1359 4162 1530 4213 eodem

320 4227 516 4279 ordine.
592 4225 683 4278 Ita
719 4228 856 4296 quod
884 4228 994 4295 ipse
1016 4246 1159 4297 puer
1180 4231 1413 4299 sinyulos
1435 4233 1528 4283 cle-

321 4299 455 4350 ricos
478 4297 795 4349 incensando
818 4298 926 4350 illis
949 4300 1175 4369 inclinet,
1202 4302 1531 4372 subsequente

327 4402 350 4432 d
375 4400 447 4438 Sic
477 4399 660 4437 habetur
685 4398 733 4437 in
766 4397 1010 4439 ordinario
1026 4416 1044 4448 ,·
1074 4399 1231 4440 deinde
1259 4401 1531 4449 superiorem

322 4449 509 4497 gradum
528 4459 582 4487 ex
600 4450 725 4495 parte
742 4447 912 4495 decani,
934 4448 1151 4498 incipiens
1170 4450 1228 4489 ab
1252 4450 1349 4499 ipso
1366 4450 1532 4489 decano

325 4498 393 4537 vel
415 4509 444 4538 ο,
466 4496 729 4548 proximiori
745 4496 876 4537 stallo
895 4508 945 4539 eo
961 4499 1154 4550 absente,
1170 4502 1324 4549 postea
1339 4500 1533 4550 superio·

2760 260 2847 321 16

1616 431 1761 508 festo
1816 434 2059 508 alicujus
2112 433 2294 489 sancti
2335 433 2401 490 in
2443 432 2601 507 cujus
2640 432 2846 489 honore

1633 511 1952 567 dedicatum
1994 520 2068 568 est
2113 512 2291 567 altare
2344 511 2428 567 vel
2473 511 2717 580 ecclesia,
2764 511 2847 566 ad

1635 589 1812 645 altare
1848 590 2089 664 ejusdem
2123 590 2306 645 sancti
2339 590 2620 645 tantumfi‘
2703 587 2848 644 Post

1637 666 1820 724 Credo
1860 667 2014 724 dicat
2040 668 2291 724 sacerdos
2332 666 2611 724 Dominus
2659 666 2847 724 vobis-

1634 765 1759 801 cum
1789 753 1838 801 et
1858 746 1891 781 ’κ
1921 745 2175 802 Oremus.
2459 744 2840 819 Offertorium.

1695 821 1785 874 Ad
1811 827 1879 889 te,
1898 821 2140 891 Domine,
2162 821 2335 875 levavi
2353 821 2591 875 animam
2617 840 2793 875 meam
2825 842 2835 874 :

1636 892 1779 944 Deus
1798 910 1961 959 mene,
1979 893 2038 944 in
2059 899 2112 945 te
2130 893 2351 959 confido,
2370 909 2481 944 non
2499 893 2805 946 erubescam
2832 913 2841 944 :

1635 979 1810 1031 neque
1834 963 2091 1016 irrideant
2126 981 2213 1016 me
2249 963 2456 1015 inimici
2488 963 2610 1031 mei,
2638 963 2844 1016 etenim

1637 1033 1871 1086 universi
1914 1034 2008 1103 qui
2045 1040 2099 1086 te
2140 1039 2426 1104 expectant
2463 1050 2574 1086 non
2612 1034 2842 1087 confun-

1635 1103 1887 1172 dentur.†
2779 1104 2839 1155 V.

1708 1174 1889 1243 Dirige
1914 1191 1999 1227 me
2023 1174 2081 1225 in
2107 1174 2330 1227 veritate
2354 1179 2450 1226 ‘cua
2474 1180 2528 1226 et
2560 1174 2688 1227 doce
2712 1192 2800 1227 me
2831 1195 2840 1225 ε

1636 1244 1764 1312 quia
1799 1250 1862 1297 tu
1898 1261 1967 1311 ee,
2008 1245 2164 1311 Deua,
2203 1244 2452 1298 salutaris
2489 1262 2652 1313 mene,
2691 1251 2747 1298 et
2788 1251 2843 1297 te

1636 1315 1867 1366 sustinui
1894 1321 2010 1368 tota
2032 1315 2133 1368 die.
2776 1316 2836 1368 V.

1722 1384 1941 1454 Respice
1976 1385 2036 1436 in
2065 1402 2152 1438 me
2187 1390 2242 1438 et
2271 1384 2515 1438 miserere
2540 1384 2644 1437 mei
2669 1398 2694 1437 ἐ
2735 1385 2842 1438 Do-

1635 1454 1796 1522 mine,
1814 1456 2018 1508 custodi
2036 1455 2271 1509 animam
2294 1473 2467 1508 meam
2487 1460 2541 1508 et
2559 1455 2703 1525 eripe
2727 1473 2840 1508 me:

1635 1542 1746 1578 non
1769 1526 2067 1579 confundar
2090 1528 2344 1594 quoniam
2367 1526 2609 1579 invocavi
2635 1533 2732 1579 tec

1714 1596 1829 1653 Isti
1854 1598 1965 1654 duo
2003 1598 2199 1654 Versus
2226 1598 2493 1654 dicuntur
2510 1618 2617 1673 per
2642 1597 2837 1654 hebdo-

1636 1675 1868 1731 madam
1922 1675 2153 1731 alternis
2205 1676 2415 1731 vicibus
2483 1676 2709 1751 quando
2768 1676 2837 1732 de

1619 1751 1781 1825 feria
1814 1753 2023 1827 ayitur,
2066 1762 2115 1809 et
2145 1774 2266 1822 ¹non
2292 1753 2358 1809 in
2384 1754 2475 1809 die
2503 1754 2787 1810 dominica
2815 1776 2838 1823 ‚-

1638 1830 1784 1905 quod
1840 1851 1947 1906 per
2011 1839 2188 1887 totum
2254 1852 2467 1888 annum
2534 1833 2840 1888 observetur

1637 1908 1861 1983 quando
1937 1909 2131 1965 Versus
2202 1908 2487 1983 Offertorii
2551 1910 2835 1966 habentur.

1638 1985 2005 2065 Nunquamss
2042 1987 2311 2043 dicuntur
2344 1987 2456 2045 duo
2493 1988 2687 2044 Versus
2715 2009 2841 2044 cum

1640 2096 1664 2125 c
1702 2089 1792 2141 Ps.
1820 2088 1990 2142 xxiiii.

1640 2272 1757 2307 eum
1781 2255 1998 2308 diacono
2032 2271 2151 2308 cum
2186 2262 2327 2309 textu
2361 2258 2427 2309 ab
2461 2258 2702 2310 omnibus
2732 2260 2844 2311 deo-

1640 2327 1904 2378 sculando,
2004 2326 2069 2379 Si
2109 2327 2403 2395 Episcopus
2442 2329 2760 2381 celebraverit
2801 2334 2847 2381 et

1642 2396 1833 2463 duplex
1855 2394 2058 2465 festum
2077 2396 2270 2466 fuerit,
2308 2398 2414 2449 duo
2440 2399 2604 2465 pueri
2639 2401 2850 2451 veniant

1643 2483 1762 2517 cum
1807 2465 2089 2519 thuribulis
2134 2473 2181 2520 et
2228 2470 2333 2520 duo
2379 2468 2688 2521 subdiaconi
2732 2487 2851 2521 cum

1643 2536 1843 2589 duobus
1857 2539 2077 2590 textibus
2090 2539 2163 2590 vel
2181 2538 2428 2607 reliquiis.
2480 2538 2546 2590 Si
2560 2538 2852 2607 Episcopus

1644 2623 1750 2657 non
1774 2609 2089 2660 celebraverit
2119 2614 2166 2660 et
2201 2609 2393 2675 duplex
2427 2606 2630 2677 fistum
2657 2607 2848 2679 fum’t,

1644 2680 1840 2728 textum
1886 2677 2087 2749 deferat
2138 2680 2370 2746 acolytus
2415 2697 2476 2731 ex
2524 2685 2684 2746 parte
2729 2697 2851 2732 can—

1643 2731 1786 2801 toris.
1892 2748 2079 2801 Primo
2126 2754 2299 2801 autem
2345 2748 2737 2817 thurificandus
2782 2756 2857 2803 est

1651 2817 1848 2870 Cantor
1896 2819 1991 2887 qui
2047 2824 2154 2871 stat
2212 2820 2273 2870 in
2322 2821 2489 2871 medio
2539 2819 2683 2871 chori
2734 2838 2854 2873 cum

1644 2889 1841 2958 caeteris
1872 2889 2173 2941 Rectoribus
2204 2889 2359 2956 chori,
2398 2891 2587 2941 scilicet
2616 2890 2678 2942 in
2695 2890 2857 2961 festis

1644 2959 1934 3027 majoribus
1974 2965 2195 3012 tantum.
2290 2959 2493 3012 Deinde
2528 2960 2856 3029 principales

1644 3034 1855 3081 rectores
1887 3030 2031 3081 chori
2060 3048 2120 3083 ex
2157 3034 2378 3099 utraque
2408 3036 2567 3097 parte
2607 3033 2697 3083 sui
2703 3051 2723 3094 ,·
2768 3051 2851 3085 ex-

1644 3100 1767 3152 inde
1808 3105 2019 3152 rectores
2059 3101 2362 3152 secundarii
2379 3119 2399 3162 ,·
2442 3106 2628 3168 postea
2669 3101 2853 3155 chorus

1643 3185 1783 3222 more
1804 3171 1965 3223 solito,
2040 3170 2239 3222 Eodcm
2263 3187 2459 3240 quoque
2476 3172 2659 3224 ordine
2675 3189 2852 3242 sequa-

1644 3244 1736 3290 tur
1772 3245 1939 3292 textus
1971 3247 2095 3309 post
2134 3241 2313 3294 Credo.
2403 3241 2564 3292 Dicta
2606 3244 2849 3312 oratione,

1644 3309 1872 3380 Suscipe,
1895 3310 2091 3364 Sancta
2108 3311 2354 3378 TrinitaS,
2376 3316 2422 3363 et
2439 3312 2689 3364 oblatione
2696 3311 2855 3381 facta

1644 3384 1705 3431 ut
1729 3383 2099 3450 praediximus,
2126 3382 2360 3434 sacerdos
2395 3381 2659 3450 thurificet
2691 3385 2852 3436 sacri-

1629 3449 1830 3518 ficium
1889 3453 2038 3504 modo
2096 3454 2399 3519 supradicto
2415 3470 2435 3514 ,·
2502 3453 2688 3504 chorus
2745 3472 2850 3506 non

1644 3515 1973 3591 thurificetur
1987 3542 2007 3585 ,·
2047 3539 2322 3591 nunquam
2357 3523 2496 3574 enim
2526 3523 2857 3592 thurvficetur

1643 3591 1829 3645 chorus
1864 3595 1937 3645 ad
1970 3595 2186 3646 missam
2212 3597 2336 3660 post
2357 3592 2719 3661 Evanyelium,
2746 3597 2855 3647 nisi

1644 3664 1855 3731 quando
1879 3664 2076 3731 dicitur
2100 3663 2280 3732 Crede,
2306 3664 2396 3716 sed
2421 3668 2547 3715 tunc
2568 3681 2852 3733 semper.—

1645 3732 1803 3786 Grad.

1715 3803 1745 3873 ‡
1788 3805 1928 3856 enim
1965 3805 2204 3856 dicentur
2250 3804 2439 3857 Versus
2485 3803 2759 3873 Offertorii
2791 3807 2852 3860 in

1641 3872 1918 3926 dominicis
1941 3876 2131 3942 diebus,
2158 3876 2247 3927 sed
2280 3877 2342 3926 in
2362 3873 2526 3943 feriis
2551 3893 2653 3943 per
2674 3875 2851 3930 hebdo-

1641 3944 1858 3996 madam
1899 3946 2109 4014 quando
2151 3946 2214 3997 de
2240 3944 2391 4014 feria
2425 3951 2686 3999 cantatur.
2760 3947 2852 4001 Ita

1640 4018 1815 4067 tamen
1838 4015 1978 4085 quod
2004 4016 2054 4067 si
2076 4016 2180 4067 duo
2215 4016 2405 4069 Versus
2434 4015 2706 4084 offertorii
2722 4016 2850 4087 fue-

1642 4084 1766 4151 rint,
1789 4103 1931 4137 unus
1949 4102 2123 4137 versus
2147 4086 2345 4139 dicitur
2365 4104 2484 4138 cum
2507 4087 2767 4155 offertorio
2790 4090 2852 4140 in

1641 4156 1947 4236 unaferiaet
1961 4158 2101 4208 alius
2115 4172 2228 4209 vero
2239 4158 2473 4227 (versus)
2483 4159 2542 4209 in
2558 4158 2669 4209 alia
2669 4156 2818 4226 feria
2830 4180 2849 4223 ,-

1640 4229 1689 4277 et
1701 4242 1748 4276 si
1753 4228 1937 4295 plures
1946 4228 2199 4281 dicuntur
2205 4244 2380 4279 mzssae
2372 4225 2607 4296 feriales,
2618 4234 2850 4296 repetan-
2935 4257 2940 4264 ·

1642 4300 1734 4348 tur
1749 4298 1799 4349 si
1810 4298 2088 4366 placuerit.
2162 4296 2461 4368 Nunquam
2477 4298 2731 4352 enim—G
2739 4300 2848 4354 rad.

1644 4401 1738 4429 rem
1768 4393 1957 4453 gradum
1987 4406 2040 4433 ex
2077 4395 2203 4453 perte
2234 4393 2440 4433 cantoris.
2501 4394 2669 4434 Eodem
2697 4383 2853 4435 ordine

1644 4443 1873 4493 secundas,
1890 4445 2047 4483 exinde
2064 4454 2234 4493 primas
2250 4442 2432 4482 formas.
2450 4444 2513 4482 34.
2529 4445 2592 4484 57.
