2975 5009
140 223 281 287 129

233 394 518 473 Respexit.
565 394 624 452 in
676 393 990 453 orationem
1033 392 1368 452 humilium:

144 481 213 533 et
241 492 359 530 non
381 473 600 550 sprevit
667 493 850 531 recem
881 492 1093 530 eorum.

236 551 575 611 Scribantur
622 493 746 609 {iaec
784 552 845 608 in
885 550 1252 630 generatione
1292 548 1373 607 al-

147 640 320 689 tera:
349 637 409 687 et
436 628 699 707 populus,
725 630 821 708 qui
849 629 1153 699 creabitur,
1181 627 1372 686 lauda-

151 708 247 767 bit
273 706 611 765 Dominum.

244 785 397 854 Quia
448 785 748 864 prospexit
799 787 871 845 de
912 783 1131 845 excelso
1183 791 1376 841 sancto

154 884 295 923 suo:
345 864 627 922 Dominus
666 864 739 923 de
778 863 915 922 coelo
950 865 1008 922 in
1046 872 1261 921 terram
1288 882 1376 918 as-

202 942 346 1001 exit.

156 964 199 1021 P
244 1019 339 1079 Ut
371 1019 599 1077 audiret
623 1019 867 1097 gemitus
893 1018 1376 1098 compeditorum:

159 1113 226 1157 ut
256 1096 501 1156 solveret
528 1095 675 1155 filios
701 1098 1194 1177 interemptorum.

249 1175 345 1235 Ut
378 1175 727 1235 annuncient
751 1177 810 1234 in
840 1175 974 1235 Sion
1015 1195 1221 1234 nomen
1263 1174 1380 1232 Doae

164 1254 351 1313 mini:
382 1262 441 1312 et
468 1254 692 1313 laudem
721 1254 841 1332 ejus
868 1256 929 1312 in
955 1251 1338 1312 Hierusalem.

251 1332 331 1389 In
371 1333 756 1391 conveniendo
794 1331 1028 1412 populos
1069 1333 1128 1389 in
1163 1351 1379 1389 unum:

165 1418 229 1470 et
256 1430 423 1487 reges
449 1418 515 1469 ut
539 1411 793 1470 serviant
820 1411 1090 1469 Domino.

253 1489 578 1567 Respondit
618 1489 669 1548 ei
717 1489 779 1546 in
819 1490 910 1548 via
948 1489 1177 1547 virtutis
1229 1507 1382 1545 suae:

169 1568 518 1646 paucitatem
585 1567 810 1625 dierum
872 1588 1130 1627 meorum
1184 1565 1387 1624 nuncia

171 1645 336 1702 mihi.

254 1722 356 1781 Ne
383 1742 606 1781 revoces
647 1744 742 1782 me
782 1725 841 1781 in
883 1722 1118 1781 dimidio
1165 1723 1386 1781 dierum

174 1822 474 1860 meorum:
530 1802 589 1858 in
635 1807 1003 1880 generatione
1049 1815 1108 1861 et
1154 1821 1387 1880 genera-

172 1881 395 1939 tionem
423 1879 557 1937 anni
584 1882 687 1939 tui.

258 1958 440 2015 Initio
466 1966 550 2028 tu,
580 1959 841 2028 Domine,
863 1968 1074 2016 terram
1103 1956 1353 2015 fundasti
1376 1977 1389 2014 :

176 2046 238 2095 et
265 2056 442 2114 opera
465 2056 737 2095 manuum
764 2046 993 2094 tuarum
1022 2044 1156 2093 sunt
1175 2035 1317 2094 coeli.

260 2113 383 2193 Ipsi
410 2115 695 2193 peribunt,
737 2123 800 2173 tu
833 2124 1024 2173 autem
1057 2133 1391 2192 permanes:

179 2202 242 2253 et
283 2213 480 2252 omnes
519 2193 663 2251 sicut
707 2195 1109 2252 vestimentum
1148 2202 1396 2252 veteras-

179 2279 333 2330 cent.

264 2349 346 2408 Et
379 2348 523 2406 sicut
550 2350 896 2428 opertorium
924 2348 1167 2407 mutabis
1194 2367 1306 2420 eoS,
1337 2355 1396 2407 et

181 2428 598 2485 mutabuntur:
640 2435 704 2486 tu
731 2437 924 2486 autem
965 2428 1116 2486 idem
1156 2428 1275 2506 ipse
1317 2447 1394 2499 eS,

183 2516 246 2566 et
273 2505 413 2563 anni
439 2505 524 2563 tui
552 2525 666 2563 non
694 2506 980 2565 deficient.

260 2582 400 2642 Filii
441 2603 731 2642 servorum
772 2593 998 2643 tuorum
1029 2582 1395 2642 habitabunt:

184 2670 247 2721 et
274 2682 472 2800 Ξειῐῐιεη
495 2682 688 2721 eorum
716 2664 778 2720 in
803 2662 1069 2721 saeculum
1097 2662 1395 2741 dirigetur.

356 2760 491 2799 oria.

230 2897 361 2954 *De
381 2893 673 2974 profundis
688 2895 918 2955 clamavi
937 2897 1010 2955 ad
1027 2904 1104 2968 te,
1122 2895 1397 2969 Domine3

192 2975 461 3046 Domine,
490 2975 694 3033 exaudi
722 2996 915 3034 vocem
945 2996 1146 3034 meam.

273 3052 445 3112 Fiant
497 3073 662 3111 aures
712 3062 829 3112 tuae
881 3054 1246 3113 intendentes
1271 3076 1284 3112 z
1339 3053 1402 3109 in

192 3151 390 3191 vocem
417 3130 828 3209 deprecationis
853 3152 1014 3191 meae.

272 3208 334 3267 Si
355 3209 684 3287 iniquitates
704 3210 1099 3282 observaveris,
1130 3208 1399 3268 Domine:

192 3288 465 3360 Domine,
491 3288 614 3365 quis
639 3289 981 3348 sustinebit?

279 3365 434 3433 Quia
478 3367 629 3444 apud
682 3374 742 3425 te
795 3366 1121 3445 propitiatio
1177 3373 1293 3424 est:
1347 3373 1408 3423 et

197 3452 437 3534 propter
479 3444 662 3523 legem
704 3452 863 3503 tuam
903 3445 1142 3503 sustinui
1168 3453 1247 3516 te,
1290 3445 1406 3501 Do-

200 3542 377 3581 mine.
850 3538 863 3558 ¹

278 3600 563 3661 Sustinuit
600 3601 791 3658 anima
815 3621 942 3660 mea
967 3600 1026 3657 in
1054 3602 1226 3659 verbo
1253 3600 1406 3678 ejus:

200 3679 452 3757 speravit
477 3679 668 3736 anima
693 3699 821 3737 mea
838 3680 898 3736 in
930 3679 1194 3737 Domino.

280 3758 341 3814 A
370 3757 624 3815 custodia
664 3758 942 3816 matutina
978 3777 1153 3848 usque
1178 3758 1248 3815 ad
1278 3776 1409 3814 noc-

203 3844 323 3894 tem
348 3855 359 3891 :
389 3843 583 3913 speret
612 3835 792 3894 Israel
820 3836 878 3892 in
903 3836 1165 3893 Domino.

287 3912 442 3980 Quia
475 3914 625 3993 apud
653 3914 960 3971 Dominum
990 3913 1410 3971 misericordia:

205 3998 265 4048 et
292 3991 516 4070 copiosa
541 3992 849 4069 apud.eum
879 3992 1212 4070 redemptio.

282 4069 362 4127 Et
389 4071 512 4147 ipse
538 4071 782 4128 redimet
812 4069 1024 4129 Israel:
1055 4091 1129 4129 ex
1155 4070 1413 4128 omnibus

203 4146 594 4249 iniquitatibus
620 4149 757 4226 ejus.

290 4225 507 4284 (aleria.

207 4400 236 4428 ⁸
273 4392 356 4447 Ps.
383 4392 559 4447 cxxix.
591 4392 795 4466 (cxxx.)

210 4462 240 4498 b
276 4462 358 4518 Ps.
385 4464 528 4519 cxlii.
560 4464 772 4535 (cxliii.)

747 238 968 286 FERIA
1012 236 1309 297 QUAR'rA
1358 237 1432 284 IN
1480 236 1740 285 CAPI'I'B
1788 236 2101 286 JEJUNII.

2567 223 2695 287 130

1565 393 1590 424 ι’
1610 392 1871 464 Domine,
1899 393 2107 452 exaudi
2134 394 2447 452 orationem
2476 413 2659 453 meam
2684 414 2695 451 ε

1485 472 1713 529 auribus
1752 471 1979 550 percipe
2019 472 2465 530 obsecrationem
2509 492 2696 531 meam

1484 549 1547 607 in
1602 549 1846 608 veritate
1900 557 2029 608 tua:
2086 550 2292 609 exaudi
2348 570 2437 610 me
2491 551 2551 608 in
2598 558 2701 609 tua

1478 627 1725 706 justitia.

1566 706 1648 765 Et
1717 725 1834 763 non
1886 705 2069 766 intres
2119 707 2182 764 in
2231 706 2504 785 judicium
2570 727 2697 765 cum

1487 804 1652 843 servo
1690 791 1823 842 tuo:
1877 785 2012 862 quia
2050 804 2163 843 non
2198 785 2612 863 justificabitur
2637 786 2700 844 in

1487 873 1789 941 conspectu
1816 870 1917 922 tuo
1943 864 2127 920 omnis
2152 865 2364 922 vivens.

1568 940 1714 1008 Quia
1732 950 2056 1020 persecutus
2074 949 2161 999 est
2179 942 2438 999 inimicus
2454 942 2701 1000 animam

1490 1039 1701 1077 meam:
1719 1017 2039 1076 humiliavit
2054 1019 2112 1076 in
2133 1028 2287 1079 terra
2304 1021 2478 1078 vitam
2496 1040 2699 1079 meam.

1570 1096 1875 1157 Collocavit
1901 1117 1995 1156 me
2022 1096 2082 1155 in
2111 1098 2357 1157 obscuris
2382 1098 2526 1157 sicut
2553 1118 2703 1156 mor-

1492 1184 1619 1235 tuos
1646 1173 1833 1234 saeculi
1858 1198 1871 1235 :
1919 1185 1980 1235 et
2005 1178 2269 1235 anxiatus
2301 1186 2388 1235 est
2414 1197 2583 1256 super
2610 1196 2704 1235 me

1493 1254 1726 1333 spiritus
1752 1275 1933 1326 meus,
1960 1254 2020 1311 in
2049 1276 2141 1315 me
2168 1257 2465 1315 turbatum
2494 1263 2581 1315 est
2608 1274 2705 1313 cor

1497 1352 1708 1392 meum.

1591 1410 1819 1469 Memor
1886 1408 1967 1468 fui
2032 1411 2256 1469 dierum
2323 1410 2704 1490 antiquorum,

1497 1488 1803 1547 meditatus
1845 1507 1969 1545 sum
2016 1489 2077 1545 in
2131 1490 2390 1548 omnibus
2442 1490 2707 1568 operibus

1497 1568 1611 1626 tuis
1634 1588 1649 1625 :
1691 1566 1752 1623 in
1776 1565 1938 1624 factis
1964 1586 2234 1624 manuum
2275 1576 2501 1625 tuarum
2529 1569 2708 1626 medi-

1499 1646 1679 1704 tabar.

1579 1722 1844 1799 Expandi
1874 1741 2070 1779 manus
2107 1742 2260 1780 meas
2286 1723 2357 1780 ad
2385 1731 2479 1781 te:
2522 1724 2711 1780 anima

1502 1822 1632 1859 mea
1656 1800 1800 1858 sicut
1828 1809 1981 1857 terra
2007 1800 2127 1869 sine
2154 1820 2299 1877 aqua
2323 1801 2446 1858 tibi.

1584 1879 1878 1938 Velociter
1904 1878 2108 1936 exaudi
2138 1899 2247 1949 me,
2277 1879 2524 1937 Domine
2548 1902 2561 1938 :
2610 1880 2710 1937 de·

1504 1957 1639 2016 fecit
1665 1957 1897 2036 spiritus
1925 1977 2100 2015 meus,

1585 2035 1719 2094 Non
1747 2043 1967 2093 avertas
2005 2033 2205 2094 faciem
2245 2043 2404 2094 tuam
2433 2056 2467 2094 a
2491 2056 2585 2095 me
2608 2058 2622 2096 :
2653 2044 2713 2096 et

1505 2113 1704 2173 similis
1734 2133 1832 2172 ero
1859 2114 2328 2173 descendentibus
2355 2115 2415 2172 in
2442 2114 2643 2173 lacum.

1584 2192 1860 2251 Auditam
1886 2192 1972 2250 fae
2011 2192 2154 2250 mihi
2194 2213 2360 2253 mane
2403 2194 2715 2252 misericor·

1507 2271 1661 2328 diam
1688 2279 1879 2330 tuam:
1908 2271 2041 2350 quia
2065 2272 2126 2329 in
2153 2279 2213 2329 te
2240 2273 2477 2351 speravi.

1586 2348 1802 2407 Notam
1830 2348 1916 2407 fac
1937 2349 2081 2407 mihi
2101 2350 2270 2422 viam,
2300 2351 2359 2408 in
2385 2371 2497 2429 qua
2515 2351 2715 2408 ambu-

1508 2427 1653 2486 lem:
1684 2427 1815 2505 quia
1839 2428 1911 2485 ad
1937 2436 1998 2486 te
2024 2426 2200 2487 levavi
2229 2429 2479 2487 animam
2511 2449 2711 2488 meam.

1589 2505 1765 2583 Eripe
1784 2526 1874 2564 me
1902 2506 1975 2563 de
1996 2506 2240 2565 inimicis
2262 2508 2420 2579 meis,
2452 2508 2715 2579 Domine,

1508 2585 1580 2642 ad
1607 2591 1667 2643 te
1694 2583 1956 2663 confugi:
2002 2584 2141 2642 doce
2180 2605 2274 2644 me
2314 2586 2496 2644 facere
2522 2584 2717 2643 volun-

1510 2670 1690 2722 tatem
1717 2670 1893 2733 tuam,
1922 2663 2055 2740 quia
2083 2665 2237 2721 Deus
2264 2684 2420 2723 meus
2447 2683 2507 2721 es
2532 2672 2615 2722 tu.

1590 2739 1836 2819 Spiritus
1862 2748 1993 2798 tuus
2030 2742 2208 2799 bonus
2248 2742 2488 2801 deducet
2527 2762 2621 2799 me
2657 2742 2716 2799 in

1511 2825 1726 2876 terram
1755 2826 1965 2876 rectam
1991 2837 2002 2873 ε
2031 2828 2269 2898 propter
2296 2840 2504 2877 nomen
2532 2828 2716 2891 tuum,

1515 2896 1775 2966 Domine,
1798 2895 2105 2954 vivificabis
2125 2917 2216 2955 me
2236 2898 2294 2953 in
2315 2899 2582 2976 aequitate
2601 2906 2716 2955 tua.

1610 2973 1833 3032 Educes
1901 2973 1974 3033 de
2040 2974 2404 3034 tribulatione
2469 2975 2717 3033 animam

1515 3071 1725 3111 meam:
1751 3060 1808 3111 et
1835 3053 1895 3109 in
1925 3051 2305 3110 misericordia
2319 3062 2417 3111 tua
2431 3054 2721 3132 disperdes

1517 3138 1538 3163 ⁰
1560 3150 1755 3189 omnes
1777 3140 1801 3170 o
1827 3131 2082 3189 inimicos
2112 3151 2283 3189 meos·

1595 3209 1676 3268 Et
1731 3209 1936 3288 perdes
2001 3228 2216 3279 omneS,
2281 3211 2378 3286 qui
2444 3207 2723 3268 tribulant

1517 3288 1763 3345 animam
1807 3308 1993 3346 meam
2017 3310 2031 3347 :
2087 3289 2352 3365 quoniam
2391 3309 2494 3370 ego
2530 3308 2724 3348 servus

1517 3374 1648 3424 tuus
1675 3386 1819 3424 sum.

1602 3443 1802 3501 Gloria
1828 3442 2009 3502 Patri.

1599 3522 1962 3599 Antiphona.

1591 3598 1676 3653 Ne
1698 3598 2068 3670 reminiscari8‚
2110 3600 2353 3672 Domine,
2381 3602 2578 3657 delicta
2601 3619 2721 3654 nos-

1522 3674 1608 3723 tra
1630 3669 1714 3723 vel
1738 3676 2023 3741 parentum
2060 3678 2379 3738 nostrorum,
2409 3690 2581 3743 neque
2607 3672 2725 3726 vin-

1522 3740 1721 3794 dictam
1746 3758 1925 3794 sumas
1947 3741 2013 3795 de
2036 3742 2264 3813 peccatis
2286 3743 2491 3797 nostris.

1596 3810 1767 3881 Kyrie
1786 3811 1865 3865 ele
1903 3828 2013 3864 son.

1595 3880 1805 3935 Christe
1828 3899 1857 3936 e
1878 3898 2055 3952 eyson.

1600 3951 1772 4022 Kyrie
1796 3951 2027 4023 eleyson.

1598 4021 1762 4076 Pater
1786 4029 1979 4076 noster.

1610 4093 1685 4149 Et
1724 4094 1836 4150 haec
1875 4093 2070 4150 omnia
2111 4094 2230 4151 sine
2281 4102 2415 4151 ‘nota
2460 4095 2729 4153 dicuntur

1526 4178 1644 4227 tam
1693 4192 1729 4228 a
1773 4171 2049 4229 sacerdote
2087 4193 2259 4249 quam
2304 4194 2342 4230 a
2395 4181 2502 4232 toto
2548 4174 2727 4247 choi-0,

1529 4406 1552 4434 c
1591 4413 1698 4448 non
1726 4395 1928 4450 habent
1959 4395 2040 4451 13.
2070 4398 2153 4453 57.
