2975 5009
298 186 423 253 127

380 357 703 418 aMiserere
758 360 888 430 mei,
952 360 1107 419 Deus
1131 380 1143 418 ε
1203 360 1512 418 secundum

302 457 567 514 magnam
595 438 1033 496 misericordiam
1063 449 1238 496 tuam.

383 515 463 574 Et
488 517 790 575 secundum
830 517 1252 575 multitudinem
1281 516 1516 574 misera·

305 595 527 652 tionum
606 603 833 653 tuarum
874 616 885 652 :
954 594 1081 654 dele
1156 595 1515 673 iniquitatem

309 694 514 731 meam.

391 750 658 830 Amplius
684 749 810 808 lava
829 771 922 809 me
942 753 1013 809 ab
1032 750 1331 828 iniquitate
1352 770 1481 809 mea
1504 770 1515 807 z

309 839 368 889 et
394 850 429 887 a
453 837 678 907 peccato
707 848 834 886 meo
860 831 1073 887 munda
1099 850 1210 887 me.

392 908 675 976 Quoniam
745 907 1106 984 iniquitatem
1170 927 1358 965 meam
1412 926 1519 985 ego

310 1006 609 1064 cognosco:
659 994 718 1043 et
756 994 1047 1063 peccatum
1094 1005 1282 1043 meum
1324 994 1524 1043 contra

314 1086 407 1123 me
429 1073 514 1122 est
541 1083 783 1139 semper.

395 1141 522 1199 Tibi
552 1140 654 1198 soli
696 1142 935 1219 peccavi,
978 1149 1036 1199 et
1072 1140 1287 1199 malum
1330 1162 1520 1200 coram

315 1229 372 1280 te
416 1219 551 1278 feci:
597 1227 662 1277 ut
696 1219 1024 1296 justificeris
1070 1221 1128 1276 in
1170 1221 1523 1278 sermonibus

312 1300 442 1368 tuiS,
473 1307 531 1356 et
559 1298 743 1355 vincas
763 1318 888 1356 cum
913 1298 1196 1376 judicaris.

396 1377 536 1435 Ecce
565 1376 795 1434 enimin
816 1376 1203 1453 iniquitatibus
1224 1383 1524 1454 conceptus

317 1475 439 1512 sum
465 1476 475 1512 :
505 1463 564 1513 et
589 1455 648 1512 in
676 1456 913 1533 peccatis
939 1456 1194 1534 concepit
1219 1476 1312 1514 me
1340 1462 1525 1513 mater

318 1555 460 1591 mea.

397 1614 542 1671 Ecce
579 1612 730 1671 enim
763 1613 1057 1671 veritatem
1100 1611 1388 1671 dilexisti:
1436 1610 1525 1667 in-

315 1699 472 1749 certa
499 1698 557 1748 et
579 1691 791 1749 occulta
812 1691 1103 1769 sapientiae
1127 1702 1242 1750 tuae
1259 1689 1525 1748 manifes-

317 1769 450 1827 tasti
478 1769 638 1826 mihi.

399 1848 689 1926 Asperges
728 1868 840 1917 me,
884 1847 1146 1917 Domine,
1177 1846 1436 1924 hyssope,
1466 1854 1527 1904 et

319 1926 633 1983 mundabor
656 1947 666 1983 ε
697 1925 903 1984 lavabis
931 1946 1043 1994 me,
1065 1935 1124 1983 et
1145 1944 1312 2003 super
1334 1926 1525 1983 nivem

320 2004 641 2061 dealbabor.

401 2082 644 2139 Auditui
667 2100 794 2139 meo
814 2080 972 2138 dabis
998 2079 1267 2158 gaudium
1294 2088 1353 2137 et
1379 2078 1525 2137 laeti-

319 2159 491 2217 tiam:
521 2169 579 2218 et
608 2158 946 2217 exultabunt
974 2178 1097 2216 ossa
1122 2158 1434 2216 humiliata.

398 2239 614 2295 Averte
634 2236 833 2295 faciem
855 2247 1012 2295 tuam
1036 2258 1070 2294 a
1089 2238 1330 2314 peccatis
1350 2238 1490 2295 meis
1512 2259 1525 2295 ε

321 2324 379 2375 et
407 2335 599 2374 omnes
628 2316 950 2394 iniquitates
977 2335 1129 2372 meas
1156 2315 1299 2373 dele.

402 2394 515 2453 Cor
545 2395 816 2451 mundum
857 2414 985 2452 crea
1014 2394 1075 2450 in
1102 2414 1213 2464 me,
1242 2393 1431 2451 Deus:
1470 2399 1530 2452 et

320 2472 583 2550 spiritum
626 2481 840 2531 rectum
880 2473 1088 2530 innova
1127 2472 1187 2529 in
1230 2472 1529 2530 visceribus

322 2551 482 2609 meis.

402 2628 498 2687 Ne
554 2627 811 2705 projicias
866 2649 959 2687 me
1013 2649 1048 2686 a
1093 2627 1233 2687 facie
1279 2635 1413 2686 tua:
1470 2634 1530 2685 et

323 2707 600 2785 Spiritum
630 2708 899 2765 Sanctum
926 2717 1087 2765 tuum
1128 2727 1200 2766 ne
1239 2705 1457 2765 auferas
1497 2725 1533 2762 a

322 2805 431 2842 me.

403 2863 603 2921 Redde
642 2862 781 2920 mihi
824 2863 1083 2923 laetitiam
1124 2862 1381 2921 salutaris
1416 2862 1530 2919 tui:

322 2950 382 3001 et
410 2941 627 3019 Spiritu
654 2942 950 3020 principali
975 2942 1250 3000 confirma
1274 2962 1384 3000 me.

402 3020 627 3079 Docebo
665 3021 885 3099 iniquos
913 3021 1027 3079 vias
1066 3029 1221 3079 tuas:
1273 3029 1332 3078 et
1370 3018 1533 3097 impii

322 3099 394 3156 ad
425 3107 482 3157 te
510 3107 929 3158 convertentur.

405 3176 615 3235 Libera
653 3198 744 3235 me
793 3178 865 3235 de
918 3174 1300 3254 sanguinibUS,
1356 3174 1531 3245 DeuS‚

326 3256 480 3314 Deus
507 3256 700 3314 salutis
727 3276 870 3313 mese
893 3276 904 3311 2
948 3263 1008 3313 et
1035 3253 1315 3313 exultabit
1340 3253 1535 3333 lingua

325 3355 453 3392 mea
472 3334 761 3412 justitiam
789 3343 964 3390 tuam.

408 3413 668 3483 Domine,
719 3410 866 3468 labia
906 3431 1032 3469 mea
1069 3409 1322 3488 aperies:
1373 3419 1433 3469 et
1473 3430 1535 3468 os

325 3511 515 3549 meum
537 3490 899 3547 annunciabit
927 3488 1149 3547 laudem
1177 3497 1352 3547 tuam.

407 3568 692 3635 Quoniam
754 3567 796 3625 si
856 3566 1117 3624 voluisses
1177 3566 1534 3635 sacrificium,

324 3648 603 3705 dedissem
644 3646 869 3723 utique:
922 3644 1255 3703 holocaustis
1294 3665 1407 3702 non
1436 3645 1536 3702 de-

324 3726 636 3784 lectaberiS.

404 3802 753 3864 Sacrificium
802 3802 924 3859 Deo
979 3800 1209 3880 spiritus
1250 3801 1537 3858 contribu-

325 3881 469 3939 latus
493 3903 504 3938 ε
553 3901 648 3939 cor
695 3880 1003 3937 contritum
1057 3888 1116 3939 et
1157 3879 1536 3949 humiliatum,

328 3962 500 4029 Beue,
529 3980 644 4016 non
675 3957 962 4035 despicieS.

405 4037 660 4116 Benigne
677 4034 780 4107 fac,
804 4035 1065 4107 Domine,
1087 4036 1146 4093 in
1169 4038 1315 4094 bona
1342 4035 1539 4093 volun-

329 4125 448 4174 tate
488 4127 587 4173 tua
641 4113 778 4172 Sion
826 4137 840 4173 ε
871 4124 934 4172 ut
981 4116 1334 4175 aedificentur
1389 4113 1538 4171 muri

330 4194 711 4253 Hierusalem.

327 4367 353 4396 a
393 4327 672 4427 Ps.1.('11.)

329 4430 357 4467 b
395 4429 479 4482 ΡΒ.
509 4431 571 4482 ci.
602 4427 732 4498 (cii.)

881 204 1099 251 FERIA
1142 202 1442 257 QUARTA
1489 202 1570 251 IN
1618 202 1881 250 OAPI'I'E
1929 200 2242 249 JEJUMI.

1703 358 1863 415 Tunc
1888 357 2201 435 acceptabis
2215 356 2556 415 sacrificium
2571 355 2840 433 justitiae,

1627 436 1954 507 oblationeS,
1989 450 2048 494 et
2082 435 2438 494 holocausta:
2483 447 2626 492 tunc
2661 434 2839 512 impo-

1627 525 1769 574 nent
1796 535 1966 592 super
1992 513 2170 573 altare
2196 525 2359 573 tuum
2387 512 2613 571 vitulos.

1710 592 1925 652 Gloria.

1708 749 2018 819 bDomine,
2041 748 2245 808 exaudi
2275 747 2593 805 orationem
2621 765 2835 805 meam:

1631 836 1692 887 et
1717 826 1927 886 clamor
1953 848 2112 885 meus
2137 828 2210 885 ad
2238 839 2296 886 te
2324 826 2539 884 veniat.

1712 906 1850 963 Non
1877 914 2096 964 avertas
2122 904 2322 963 faciem
2362 913 2518 963 tuam
2549 924 2584 961 a
2612 922 2742 961 me:
2784 902 2834 959 in

1632 1004 1980 1062 quacumque
2007 984 2101 1043 die
2121 983 2383 1056 tribulor,
2411 982 2625 1040 inclina
2649 981 2726 1038 ad
2753 1000 2836 1038 me

1632 1084 1826 1122 aurem
1854 1071 2028 1120 tuam.

1712 1142 1787 1198 In
1838 1161 2186 1219 quacumque
2231 1140 2325 1199 die
2369 1140 2710 1198 invocavero
2756 1146 2836 1196 te:

1634 1218 1898 1278 velociter
1925 1221 2130 1279 exaudi
2159 1241 2266 1277 me.

1719 1296 1869 1365 Quia
1907 1298 2236 1356 defecerunt
2283 1296 2427 1354 sicut
2478 1294 2671 1353 fumus
2724 1294 2838 1352 dies

1636 1377 1751 1434 mei
1775 1399 1789 1435 z
1839 1385 1895 1434 et
1925 1397 2048 1435 ossa
2073 1397 2202 1435 mea
2228 1376 2374 1434 sicut
2408 1374 2685 1433 cremium
2716 1394 2840 1431 aru-

1638 1463 1827 1513 erunt.

1718 1533 2020 1591 Percussus
2058 1553 2182 1591 sum
2227 1541 2291 1590 ut
2328 1530 2565 1601 foennm,
2609 1538 2669 1589 et
2694 1529 2840 1587 aruit

1637 1631 1734 1669 cor
1759 1632 1951 1669 meum
1975 1632 1987 1668 :
2016 1612 2147 1688 quia
2173 1610 2376 1670 oblitus
2396 1630 2521 1668 sum
2548 1610 2839 1667 comedere

1636 1710 1844 1769 panem
1872 1710 2077 1748 meum.

1721 1768 1779 1826 A
1826 1788 1959 1826 voce
2006 1768 2251 1846 gemitus
2297 1767 2410 1826 mei
2434 1786 2447 1822 ε
2500 1764 2746 1823 adhaesit
2785 1784 2843 1821 os

1638 1866 1827 1904 meum
1856 1866 2009 1903 carni
2038 1866 2198 1904 meae.

1720 1924 1931 1983 Similis
1966 1924 2143 1983 factus
2185 1945 2305 1982 sum
2349 1922 2618 2002 pelecano
2653 1919 2845 1979 solitu-

1638 2003 1819 2060 dinis:
1866 2003 2041 2061 sactus
2068 2024 2192 2062 sum
2234 2004 2376 2061 sicut
2413 2002 2745 2078 nycticorax
2784 2000 2843 2056 in

1638 2081 1938 2139 domicili0.

1721 2159 2077 2238 Vigilavi,‘et
2102 2158 2280 2218 factus
2299 2180 2420 2218 sum
2445 2182 2458 2218 :
2488 2157 2632 2215 sicut
2658 2176 2846 2235 passer

1640 2236 1919 2296 solitarius
1946 2239 2005 2295 in
2034 2247 2202 2297 tecte.

1719 2316 1866 2375 'Pota
1890 2317 1983 2375 die
2012 2318 2434 2394 exprobrabant
2461 2313 2607 2372 mihi
2633 2313 2845 2371 inimici

1642 2394 1789 2453 mei:
1838 2403 1897 2452 et
1928 2397 2024 2472 qui
2056 2394 2360 2454 laudabant
2400 2414 2511 2465 me,
2552 2393 2844 2450 adversum

1640 2493 1733 2531 me
1753 2474 2041 2551 jurabant.

1720 2552 1867 2619 Quia
1892 2552 2139 2611 cinerem
2168 2559 2438 2629 tanquam
2459 2568 2668 2627 panem
2687 2568 2846 2605 man·

1641 2630 1934 2701 ducabam,
1967 2639 2027 2689 et
2066 2639 2264 2709 potum
2305 2650 2498 2688 meum
2538 2648 2667 2685 cum
2709 2626 2845 2686 fietu

1643 2707 1961 2766 miscebam.

1723 2787 1782 2845 A
1800 2786 1937 2845 facie
1958 2787 2061 2844 irae
2077 2795 2101 2824 ⁰
2130 2785 2535 2866 indignationis
2551 2792 2690 2843 tuae:
2723 2783 2848 2862 quia

1644 2864 1868 2924 elevans
1895 2864 2113 2923 allisisti
2139 2886 2250 2923 me.

1726 2944 1860 3002 Dies
1906 2945 2038 3016 mei,
2087 2944 2232 3001 sicut
2272 2944 2491 3012 umbra,
2535 2940 2849 2999 declinave-

1644 3030 1813 3080 runt:
1843 3029 1902 3080 et
1927 3042 2031 3100 ego
2057 3021 2200 3080 sicut
2223 3021 2437 3079 foenum
2464 3020 2607 3077 arui.

1723 3101 1811 3158 Tu
1863 3109 2073 3171 autem,
2127 3099 2391 3171 Domine,
2443 3099 2505 3155 in
2575 3105 2849 3156 aeternum

1645 3199 1941 3256 permanes
1965 3199 1976 3235 ι
2046 3186 2104 3237 et
2171 3176 2496 3237 memoriale
2562 3185 2731 3235 tuum
2799 3175 2851 3231 in

1644 3257 2013 3335 generatione
2041 3265 2100 3315 et
2126 3256 2575 3335 generationem.

1724 3334 1813 3392 'Pu
1878 3355 2186 3414 exsurgens
2252 3334 2613 3393 misereberis
2682 3330 2851 3391 Sion:

1646 3413 1780 3491 quia
1804 3421 2029 3492 tempus
2057 3414 2363 3472 miserendi
2386 3413 2524 3490 ejus,
2547 3411 2682 3490 quia
2702 3409 2853 3468 venit

1645 3499 1888 3569 tempus.

1743 3569 2024 3637 Quoniam
2100 3568 2434 3648 placuerunt
2499 3569 2678 3627 servis
2746 3565 2853 3623 tuis

1648 3647 1863 3725 lapides
1902 3648 2020 3727 ejus
2050 3668 2061 3705 :
2118 3655 2174 3706 et
2229 3657 2402 3707 terrae
2450 3647 2572 3725 ejus
2625 3645 2852 3703 misere-

1646 3727 1877 3784 buntur.

1728 3804 1807 3862 Et
1844 3805 2132 3863 timebunt
2171 3803 2387 3862 Gentes
2426 3822 2636 3861 nomen
2673 3808 2849 3866 tuum,

1650 3883 1894 3942 Domine
1914 3903 1926 3941 ε
1949 3892 2008 3941 et
2028 3902 2223 3941 omnes
2241 3903 2405 3961 reges
2426 3890 2603 3940 terrae
2617 3878 2848 3960 gloriam

1650 3969 1824 4018 tuam.

1732 4039 1882 4107 Quia
1920 4038 2220 4098 aedificavit
2259 4038 2537 4097 Dominus
2580 4037 2750 4097 Sion:
2797 4039 2848 4088 et

1652 4116 1935 4176 videbitur
1960 4119 2016 4175 in
2046 4117 2226 4196 gloria
2252 4136 2367 4173 sua.

1652 4360 1674 4388 c
1712 4350 1921 4404 (ετ-98.

2715 182 2842 246 128
