<?xml version="1.0" encoding="UTF-8"?>
<!DOCTYPE html PUBLIC "-//W3C//DTD XHTML 1.0 Transitional//EN"
    "http://www.w3.org/TR/xhtml1/DTD/xhtml1-transitional.dtd">
<html xmlns="http://www.w3.org/1999/xhtml" xml:lang="en" lang="en">
 <head>
  <title>
</title>
<meta http-equiv="Content-Type" content="text/html;charset=utf-8" />
  <meta name='ocr-system' content='tesseract 3.04.00' />
  <meta name='ocr-capabilities' content='ocr_page ocr_carea ocr_par ocr_line ocrx_word'/>
</head>
<body>
  <div class='ocr_page' id='page_1' title='image "./missaleadusumin00cathgoog_0081.png"; bbox 0 0 2975 5009; ppageno 0'>
   <div class='ocr_carea' id='block_1_1' title="bbox 73 274 2622 343">
    <p class='ocr_par' dir='ltr' id='par_1_1' title="bbox 73 274 2622 343">
     <span class='ocr_line' id='line_1_1' title="bbox 73 274 2622 343; baseline 0.001 -3"><span class='ocrx_word' id='word_1_1' title='bbox 73 274 211 340; x_wconf 81' lang='lat'>145</span> <span class='ocrx_word' id='word_1_2' title='bbox 897 287 1222 339; x_wconf 75' lang='lat' dir='ltr'>sABnA‘ro</span> <span class='ocrx_word' id='word_1_3' title='bbox 1268 287 1440 337; x_wconf 77' lang='lat' dir='ltr'>ros&#39;r</span> <span class='ocrx_word' id='word_1_4' title='bbox 1489 291 1819 340; x_wconf 70' lang='lat' dir='ltr'>omanus.</span> <span class='ocrx_word' id='word_1_5' title='bbox 2498 280 2622 343; x_wconf 82' lang='lat'>146</span> 
     </span>
    </p>
   </div>
   <div class='ocr_carea' id='block_1_2' title="bbox 76 447 1315 1943">
    <p class='ocr_par' dir='ltr' id='par_1_2' title="bbox 76 447 1315 1943">
     <span class='ocr_line' id='line_1_2' title="bbox 76 447 1298 509; baseline -0.005 0"><span class='ocrx_word' id='word_1_6' title='bbox 76 460 142 509; x_wconf 90' lang='lat' dir='ltr'>et</span> <span class='ocrx_word' id='word_1_7' title='bbox 173 451 439 509; x_wconf 82' lang='lat' dir='ltr'>tenebrae</span> <span class='ocrx_word' id='word_1_8' title='bbox 475 456 592 506; x_wconf 81' lang='lat' dir='ltr'>tuae</span> <span class='ocrx_word' id='word_1_9' title='bbox 634 453 806 505; x_wconf 89' lang='lat' dir='ltr'>erunt</span> <span class='ocrx_word' id='word_1_10' title='bbox 843 447 987 505; x_wconf 86' lang='lat' dir='ltr'>sicut</span> <span class='ocrx_word' id='word_1_11' title='bbox 1011 448 1298 506; x_wconf 77' lang='lat' dir='ltr'>meridies,</span> 
     </span>
     <span class='ocr_line' id='line_1_3' title="bbox 80 524 1304 605; baseline -0.004 -17"><span class='ocrx_word' id='word_1_12' title='bbox 80 529 170 588; x_wconf 88' lang='lat' dir='ltr'>Et</span> <span class='ocrx_word' id='word_1_13' title='bbox 197 527 459 605; x_wconf 81' lang='lat' dir='ltr'><strong>requiem</strong></span> <span class='ocrx_word' id='word_1_14' title='bbox 487 527 649 586; x_wconf 90' lang='lat' dir='ltr'>dabit</span> <span class='ocrx_word' id='word_1_15' title='bbox 680 527 786 585; x_wconf 91' lang='lat' dir='ltr'>tibi</span> <span class='ocrx_word' id='word_1_16' title='bbox 828 524 1107 583; x_wconf 85' lang='lat' dir='ltr'><strong>Dominus</strong></span> <span class='ocrx_word' id='word_1_17' title='bbox 1149 527 1304 584; x_wconf 89' lang='lat' dir='ltr'>Deus</span> 
     </span>
     <span class='ocr_line' id='line_1_4' title="bbox 78 603 1304 684; baseline -0.004 -18"><span class='ocrx_word' id='word_1_18' title='bbox 78 616 220 666; x_wconf 88' lang='lat' dir='ltr'>tuus</span> <span class='ocrx_word' id='word_1_19' title='bbox 248 625 495 683; x_wconf 89' lang='lat' dir='ltr'>semper,</span> <span class='ocrx_word' id='word_1_20' title='bbox 526 614 587 664; x_wconf 92' lang='lat' dir='ltr'>et</span> <span class='ocrx_word' id='word_1_21' title='bbox 613 605 874 684; x_wconf 79' lang='lat' dir='ltr'><strong>implebit</strong></span> <span class='ocrx_word' id='word_1_22' title='bbox 909 603 1304 682; x_wconf 83' lang='lat' dir='ltr'>splendoribus</span> 
     </span>
     <span class='ocr_line' id='line_1_5' title="bbox 81 681 1302 755; baseline -0.001 -12"><span class='ocrx_word' id='word_1_23' title='bbox 81 687 341 743; x_wconf 89' lang='lat' dir='ltr'>animam</span> <span class='ocrx_word' id='word_1_24' title='bbox 390 694 569 755; x_wconf 87' lang='lat' dir='ltr'>tuam,</span> <span class='ocrx_word' id='word_1_25' title='bbox 619 692 679 743; x_wconf 89' lang='lat' dir='ltr'>et</span> <span class='ocrx_word' id='word_1_26' title='bbox 717 703 838 742; x_wconf 86' lang='lat' dir='ltr'>ossa</span> <span class='ocrx_word' id='word_1_27' title='bbox 874 690 975 740; x_wconf 89' lang='lat' dir='ltr'>tua</span> <span class='ocrx_word' id='word_1_28' title='bbox 1019 681 1302 755; x_wconf 78' lang='lat' dir='ltr'><strong>liberabit,</strong></span> 
     </span>
     <span class='ocr_line' id='line_1_6' title="bbox 83 761 1306 840; baseline -0.004 -17"><span class='ocrx_word' id='word_1_29' title='bbox 83 772 147 823; x_wconf 89' lang='lat' dir='ltr'>et</span> <span class='ocrx_word' id='word_1_30' title='bbox 189 764 307 823; x_wconf 88' lang='lat' dir='ltr'>eris</span> <span class='ocrx_word' id='word_1_31' title='bbox 346 764 504 840; x_wconf 89' lang='lat' dir='ltr'>quasi</span> <span class='ocrx_word' id='word_1_32' title='bbox 543 762 742 820; x_wconf 91' lang='lat' dir='ltr'>hortus</span> <span class='ocrx_word' id='word_1_33' title='bbox 782 761 1043 840; x_wconf 77' lang='lat' dir='ltr'>irriguus,</span> <span class='ocrx_word' id='word_1_34' title='bbox 1074 769 1132 820; x_wconf 91' lang='lat' dir='ltr'>et</span> <span class='ocrx_word' id='word_1_35' title='bbox 1160 762 1306 820; x_wconf 86' lang='lat' dir='ltr'>sicut</span> 
     </span>
     <span class='ocr_line' id='line_1_7' title="bbox 83 839 1308 921; baseline -0.002 -20"><span class='ocrx_word' id='word_1_36' title='bbox 83 842 217 902; x_wconf 86' lang='lat' dir='ltr'>fons</span> <span class='ocrx_word' id='word_1_37' title='bbox 284 862 580 921; x_wconf 87' lang='lat' dir='ltr'>aquarum,</span> <span class='ocrx_word' id='word_1_38' title='bbox 634 842 789 919; x_wconf 86' lang='lat' dir='ltr'>cujus</span> <span class='ocrx_word' id='word_1_39' title='bbox 854 860 968 897; x_wconf 92' lang='lat' dir='ltr'>non</span> <span class='ocrx_word' id='word_1_40' title='bbox 1037 839 1308 899; x_wconf 83' lang='lat' dir='ltr'>deficient</span> 
     </span>
     <span class='ocr_line' id='line_1_8' title="bbox 81 919 1308 1001; baseline -0.001 -24"><span class='ocrx_word' id='word_1_41' title='bbox 81 941 273 1001; x_wconf 82' lang='lat' dir='ltr'>aquae.</span> <span class='ocrx_word' id='word_1_42' title='bbox 358 920 437 978; x_wconf 86' lang='lat' dir='ltr'>Et</span> <span class='ocrx_word' id='word_1_43' title='bbox 461 920 893 978; x_wconf 64' lang='lat' dir='ltr'>aedificabuntur</span> <span class='ocrx_word' id='word_1_44' title='bbox 914 919 974 977; x_wconf 90' lang='lat' dir='ltr'>in</span> <span class='ocrx_word' id='word_1_45' title='bbox 995 927 1054 977; x_wconf 90' lang='lat' dir='ltr'>te</span> <span class='ocrx_word' id='word_1_46' title='bbox 1082 919 1308 976; x_wconf 81' lang='lat' dir='ltr'>deserta</span> 
     </span>
     <span class='ocr_line' id='line_1_9' title="bbox 81 997 1307 1077; baseline -0.007 -16"><span class='ocrx_word' id='word_1_47' title='bbox 81 999 460 1061; x_wconf 86' lang='lat' dir='ltr'>saeculorum:</span> <span class='ocrx_word' id='word_1_48' title='bbox 516 998 887 1057; x_wconf 86' lang='lat' dir='ltr'>fundamenta</span> <span class='ocrx_word' id='word_1_49' title='bbox 922 997 1307 1077; x_wconf 81' lang='lat' dir='ltr'>generationis</span> 
     </span>
     <span class='ocr_line' id='line_1_10' title="bbox 85 1076 1308 1170; baseline -0.005 -31"><span class='ocrx_word' id='word_1_50' title='bbox 85 1089 150 1139; x_wconf 88' lang='lat' dir='ltr'>et</span> <span class='ocrx_word' id='word_1_51' title='bbox 177 1077 566 1170; x_wconf 78' lang='lat' dir='ltr'>generationis</span> <span class='ocrx_word' id='word_1_52' title='bbox 585 1077 907 1136; x_wconf 84' lang='lat' dir='ltr'><strong>suscitabis:</strong></span> <span class='ocrx_word' id='word_1_53' title='bbox 937 1085 997 1135; x_wconf 89' lang='lat' dir='ltr'>et</span> <span class='ocrx_word' id='word_1_54' title='bbox 1023 1076 1308 1135; x_wconf 87' lang='lat' dir='ltr'>vocaberis</span> 
     </span>
     <span class='ocr_line' id='line_1_11' title="bbox 87 1156 1308 1234; baseline -0.003 -19"><span class='ocrx_word' id='word_1_55' title='bbox 87 1158 407 1216; x_wconf 69' lang='lat' dir='ltr'>aedificator</span> <span class='ocrx_word' id='word_1_56' title='bbox 468 1156 706 1234; x_wconf 90' lang='lat' dir='ltr'>sepium,</span> <span class='ocrx_word' id='word_1_57' title='bbox 762 1165 1023 1214; x_wconf 85' lang='lat' dir='ltr'>avertens</span> <span class='ocrx_word' id='word_1_58' title='bbox 1075 1156 1308 1214; x_wconf 90' lang='lat' dir='ltr'>semitas</span> 
     </span>
     <span class='ocr_line' id='line_1_12' title="bbox 89 1233 1309 1313; baseline -0.003 -19"><span class='ocrx_word' id='word_1_59' title='bbox 89 1237 484 1313; x_wconf 82' lang='lat' dir='ltr'>iniquitatum.</span> <span class='ocrx_word' id='word_1_60' title='bbox 569 1233 628 1292; x_wconf 88' lang='lat' dir='ltr'>Si</span> <span class='ocrx_word' id='word_1_61' title='bbox 682 1235 953 1292; x_wconf 86' lang='lat' dir='ltr'>averteris</span> <span class='ocrx_word' id='word_1_62' title='bbox 998 1254 1034 1291; x_wconf 89' lang='lat' dir='ltr'>a</span> <span class='ocrx_word' id='word_1_63' title='bbox 1078 1235 1309 1292; x_wconf 87' lang='lat' dir='ltr'>sabbato</span> 
     </span>
     <span class='ocr_line' id='line_1_13' title="bbox 88 1311 1307 1393; baseline -0.004 -20"><span class='ocrx_word' id='word_1_64' title='bbox 88 1316 306 1393; x_wconf 90' lang='lat' dir='ltr'>pedem</span> <span class='ocrx_word' id='word_1_65' title='bbox 331 1323 512 1385; x_wconf 88' lang='lat' dir='ltr'>tuum,</span> <span class='ocrx_word' id='word_1_66' title='bbox 540 1312 725 1371; x_wconf 88' lang='lat' dir='ltr'>facere</span> <span class='ocrx_word' id='word_1_67' title='bbox 766 1311 1109 1370; x_wconf 84' lang='lat' dir='ltr'>voluntatem</span> <span class='ocrx_word' id='word_1_68' title='bbox 1150 1319 1307 1370; x_wconf 85' lang='lat' dir='ltr'>tuam</span> 
     </span>
     <span class='ocr_line' id='line_1_14' title="bbox 91 1392 1309 1463; baseline -0.002 -14"><span class='ocrx_word' id='word_1_69' title='bbox 91 1395 156 1449; x_wconf 89' lang='lat' dir='ltr'>in</span> <span class='ocrx_word' id='word_1_70' title='bbox 183 1394 280 1452; x_wconf 90' lang='lat' dir='ltr'>die</span> <span class='ocrx_word' id='word_1_71' title='bbox 307 1401 500 1451; x_wconf 90' lang='lat' dir='ltr'>sancto</span> <span class='ocrx_word' id='word_1_72' title='bbox 534 1413 680 1463; x_wconf 91' lang='lat' dir='ltr'>me0,</span> <span class='ocrx_word' id='word_1_73' title='bbox 718 1399 777 1449; x_wconf 89' lang='lat' dir='ltr'>et</span> <span class='ocrx_word' id='word_1_74' title='bbox 804 1392 1083 1449; x_wconf 84' lang='lat' dir='ltr'>vocaveris</span> <span class='ocrx_word' id='word_1_75' title='bbox 1110 1392 1309 1448; x_wconf 87' lang='lat' dir='ltr'>sabba-</span> 
     </span>
     <span class='ocr_line' id='line_1_15' title="bbox 92 1468 1310 1542; baseline -0.005 -12"><span class='ocrx_word' id='word_1_76' title='bbox 92 1480 221 1530; x_wconf 88' lang='lat' dir='ltr'>tum</span> <span class='ocrx_word' id='word_1_77' title='bbox 281 1471 601 1542; x_wconf 89' lang='lat' dir='ltr'>delicatum,</span> <span class='ocrx_word' id='word_1_78' title='bbox 657 1478 718 1529; x_wconf 90' lang='lat' dir='ltr'>et</span> <span class='ocrx_word' id='word_1_79' title='bbox 769 1479 1024 1528; x_wconf 88' lang='lat' dir='ltr'>sanctum</span> <span class='ocrx_word' id='word_1_80' title='bbox 1079 1468 1310 1528; x_wconf 89' lang='lat' dir='ltr'>Domini</span> 
     </span>
     <span class='ocr_line' id='line_1_16' title="bbox 94 1547 1309 1630; baseline -0.002 -24"><span class='ocrx_word' id='word_1_81' title='bbox 94 1549 426 1630; x_wconf 85' lang='lat' dir='ltr'>gloriosum,</span> <span class='ocrx_word' id='word_1_82' title='bbox 464 1557 524 1607; x_wconf 91' lang='lat' dir='ltr'>et</span> <span class='ocrx_word' id='word_1_83' title='bbox 566 1548 968 1627; x_wconf 85' lang='lat' dir='ltr'>glorificaveris</span> <span class='ocrx_word' id='word_1_84' title='bbox 993 1568 1142 1619; x_wconf 90' lang='lat' dir='ltr'>eum,</span> <span class='ocrx_word' id='word_1_85' title='bbox 1172 1547 1309 1604; x_wconf 91' lang='lat' dir='ltr'>dum</span> 
     </span>
     <span class='ocr_line' id='line_1_17' title="bbox 97 1626 1312 1698; baseline -0.002 -12"><span class='ocrx_word' id='word_1_86' title='bbox 97 1649 216 1686; x_wconf 89' lang='lat' dir='ltr'>non</span> <span class='ocrx_word' id='word_1_87' title='bbox 243 1627 382 1686; x_wconf 85' lang='lat' dir='ltr'>facis</span> <span class='ocrx_word' id='word_1_88' title='bbox 417 1628 536 1687; x_wconf 87' lang='lat' dir='ltr'>vias</span> <span class='ocrx_word' id='word_1_89' title='bbox 575 1637 721 1698; x_wconf 79' lang='lat' dir='ltr'>tuaS,</span> <span class='ocrx_word' id='word_1_90' title='bbox 751 1636 809 1686; x_wconf 92' lang='lat' dir='ltr'>et</span> <span class='ocrx_word' id='word_1_91' title='bbox 835 1646 948 1683; x_wconf 91' lang='lat' dir='ltr'>non</span> <span class='ocrx_word' id='word_1_92' title='bbox 989 1626 1312 1684; x_wconf 86' lang='lat' dir='ltr'>invenietur</span> 
     </span>
     <span class='ocr_line' id='line_1_18' title="bbox 99 1706 1309 1782; baseline -0.002 -18"><span class='ocrx_word' id='word_1_93' title='bbox 99 1706 361 1765; x_wconf 79' lang='lat' dir='ltr'>voluntas</span> <span class='ocrx_word' id='word_1_94' title='bbox 387 1715 504 1778; x_wconf 85' lang='lat' dir='ltr'>tua,</span> <span class='ocrx_word' id='word_1_95' title='bbox 527 1715 592 1765; x_wconf 89' lang='lat' dir='ltr'>ut</span> <span class='ocrx_word' id='word_1_96' title='bbox 620 1706 929 1782; x_wconf 60' lang='lat' dir='ltr'>&#39;‘loquaris‘’</span> <span class='ocrx_word' id='word_1_97' title='bbox 961 1725 1309 1775; x_wconf 90' lang='lat' dir='ltr'>sermonem;</span> 
     </span>
     <span class='ocr_line' id='line_1_19' title="bbox 99 1783 1315 1863; baseline -0.004 -19"><span class='ocrx_word' id='word_1_98' title='bbox 99 1794 242 1844; x_wconf 87' lang='lat' dir='ltr'>tunc</span> <span class='ocrx_word' id='word_1_99' title='bbox 297 1784 666 1845; x_wconf 82' lang='lat' dir='ltr'>delectaberis</span> <span class='ocrx_word' id='word_1_100' title='bbox 719 1804 888 1863; x_wconf 90' lang='lat' dir='ltr'>super</span> <span class='ocrx_word' id='word_1_101' title='bbox 934 1783 1200 1854; x_wconf 89' lang='lat' dir='ltr'>Domin0,</span> <span class='ocrx_word' id='word_1_102' title='bbox 1256 1793 1315 1841; x_wconf 90' lang='lat' dir='ltr'>et</span> 
     </span>
     <span class='ocr_line' id='line_1_20' title="bbox 101 1861 1314 1943; baseline -0.003 -19"><span class='ocrx_word' id='word_1_103' title='bbox 101 1862 397 1924; x_wconf 78' lang='lat' dir='ltr'>sustollam</span> <span class='ocrx_word' id='word_1_104' title='bbox 433 1873 494 1923; x_wconf 92' lang='lat' dir='ltr'>te</span> <span class='ocrx_word' id='word_1_105' title='bbox 528 1883 699 1943; x_wconf 90' lang='lat' dir='ltr'>super</span> <span class='ocrx_word' id='word_1_106' title='bbox 733 1861 1092 1921; x_wconf 86' lang='lat' dir='ltr'>altitudinem</span> <span class='ocrx_word' id='word_1_107' title='bbox 1120 1870 1314 1931; x_wconf 77' lang='lat' dir='ltr'>terrae,</span> 
     </span>
    </p>
   </div>
   <div class='ocr_carea' id='block_1_3' title="bbox 105 1929 1375 2019">
    <p class='ocr_par' dir='ltr' id='par_1_3' title="bbox 105 1929 1375 2019">
     <span class='ocr_line' id='line_1_21' title="bbox 105 1929 1375 2019; baseline -0.006 -17"><span class='ocrx_word' id='word_1_108' title='bbox 105 1951 169 2002; x_wconf 89' lang='lat' dir='ltr'>et</span> <span class='ocrx_word' id='word_1_109' title='bbox 205 1943 404 2002; x_wconf 84' lang='lat' dir='ltr'>cibabo</span> <span class='ocrx_word' id='word_1_110' title='bbox 441 1950 502 2002; x_wconf 91' lang='lat' dir='ltr'>te</span> <span class='ocrx_word' id='word_1_111' title='bbox 550 1940 866 2001; x_wconf 88' lang='lat' dir='ltr'>hereditate</span> <span class='ocrx_word' id='word_1_112' title='bbox 912 1940 1091 1999; x_wconf 84' lang='lat' dir='ltr'>Jacob</span> <span class='ocrx_word' id='word_1_113' title='bbox 1138 1940 1318 2019; x_wconf 86' lang='lat' dir='ltr'>patris</span> <span class='ocrx_word' id='word_1_114' title='bbox 1364 1929 1375 1942; x_wconf 68' lang='lat'>⁸</span> 
     </span>
    </p>
   </div>
   <div class='ocr_carea' id='block_1_4' title="bbox 105 2019 1317 2178">
    <p class='ocr_par' dir='ltr' id='par_1_4' title="bbox 105 2019 1317 2178">
     <span class='ocr_line' id='line_1_22' title="bbox 106 2019 1317 2088; baseline -0.003 -9"><span class='ocrx_word' id='word_1_115' title='bbox 106 2020 228 2082; x_wconf 83' lang='lat' dir='ltr'>tui:</span> <span class='ocrx_word' id='word_1_116' title='bbox 261 2042 323 2080; x_wconf 89' lang='lat' dir='ltr'>os</span> <span class='ocrx_word' id='word_1_117' title='bbox 349 2021 506 2080; x_wconf 92' lang='lat' dir='ltr'>enim</span> <span class='ocrx_word' id='word_1_118' title='bbox 533 2021 764 2078; x_wconf 88' lang='lat' dir='ltr'>Domini</span> <span class='ocrx_word' id='word_1_119' title='bbox 785 2020 1033 2079; x_wconf 89' lang='lat' dir='ltr'>locutum</span> <span class='ocrx_word' id='word_1_120' title='bbox 1063 2029 1149 2079; x_wconf 87' lang='lat' dir='ltr'>est</span> <span class='ocrx_word' id='word_1_121' title='bbox 1175 2019 1317 2088; x_wconf 81' lang='lat' dir='ltr'>haec,</span> 
     </span>
     <span class='ocr_line' id='line_1_23' title="bbox 105 2099 896 2178; baseline -0.001 -20"><span class='ocrx_word' id='word_1_122' title='bbox 105 2100 190 2158; x_wconf 88' lang='lat' dir='ltr'>ait</span> <span class='ocrx_word' id='word_1_123' title='bbox 216 2100 497 2160; x_wconf 81' lang='lat' dir='ltr'>Dominus</span> <span class='ocrx_word' id='word_1_124' title='bbox 523 2099 896 2178; x_wconf 89' lang='lat' dir='ltr'>omnipotens.</span> 
     </span>
    </p>
   </div>
   <div class='ocr_carea' id='block_1_5' title="bbox 191 2177 502 2237">
    <p class='ocr_par' dir='ltr' id='par_1_5' title="bbox 191 2177 502 2237">
     <span class='ocr_line' id='line_1_24' title="bbox 191 2177 502 2237; baseline -0.01 0"><span class='ocrx_word' id='word_1_125' title='bbox 191 2177 502 2237; x_wconf 77' lang='lat' dir='ltr'>Gradale.b</span> 
     </span>
    </p>
   </div>
   <div class='ocr_carea' id='block_1_6' title="bbox 44 2253 1351 3933">
    <p class='ocr_par' dir='ltr' id='par_1_6' title="bbox 44 2253 1351 3933">
     <span class='ocr_line' id='line_1_25' title="bbox 186 2253 1316 2326; baseline -0.006 -14"><span class='ocrx_word' id='word_1_126' title='bbox 186 2257 371 2312; x_wconf 88' lang='lat' dir='ltr'>Unam</span> <span class='ocrx_word' id='word_1_127' title='bbox 389 2254 524 2326; x_wconf 82' lang='lat' dir='ltr'>petii</span> <span class='ocrx_word' id='word_1_128' title='bbox 538 2272 573 2309; x_wconf 88' lang='lat' dir='ltr'>a</span> <span class='ocrx_word' id='word_1_129' title='bbox 589 2253 835 2321; x_wconf 85' lang='lat' dir='ltr'>Domine,</span> <span class='ocrx_word' id='word_1_130' title='bbox 857 2254 1000 2308; x_wconf 86' lang='lat' dir='ltr'>hanc</span> <span class='ocrx_word' id='word_1_131' title='bbox 1017 2253 1285 2323; x_wconf 86' lang='lat' dir='ltr'>requiram</span> <span class='ocrx_word' id='word_1_132' title='bbox 1304 2272 1316 2305; x_wconf 90' lang='lat'>:</span> 
     </span>
     <span class='ocr_line' id='line_1_26' title="bbox 108 2325 1036 2388; baseline -0.003 -9"><span class='ocrx_word' id='word_1_133' title='bbox 108 2332 177 2388; x_wconf 82' lang='lat' dir='ltr'>ut</span> <span class='ocrx_word' id='word_1_134' title='bbox 200 2328 509 2382; x_wconf 87' lang='lat' dir='ltr'>inhabitem</span> <span class='ocrx_word' id='word_1_135' title='bbox 533 2327 593 2377; x_wconf 91' lang='lat' dir='ltr'>in</span> <span class='ocrx_word' id='word_1_136' title='bbox 617 2325 777 2379; x_wconf 91' lang='lat' dir='ltr'>domo</span> <span class='ocrx_word' id='word_1_137' title='bbox 802 2325 1036 2379; x_wconf 88' lang='lat' dir='ltr'>Domini.</span> 
     </span>
     <span class='ocr_line' id='line_1_27' title="bbox 122 2393 1325 2452; baseline -0.006 1"><span class='ocrx_word' id='word_1_138' title='bbox 122 2398 187 2452; x_wconf 87' lang='lat' dir='ltr'>V.</span> <span class='ocrx_word' id='word_1_139' title='bbox 263 2398 343 2452; x_wconf 89' lang='lat' dir='ltr'>Ut</span> <span class='ocrx_word' id='word_1_140' title='bbox 366 2398 576 2452; x_wconf 82' lang='lat' dir='ltr'>videam</span> <span class='ocrx_word' id='word_1_141' title='bbox 600 2397 937 2450; x_wconf 88' lang='lat' dir='ltr'>voluntatem</span> <span class='ocrx_word' id='word_1_142' title='bbox 975 2393 1229 2448; x_wconf 85' lang='lat' dir='ltr'>Domini:</span> <span class='ocrx_word' id='word_1_143' title='bbox 1270 2399 1325 2447; x_wconf 87' lang='lat' dir='ltr'>et</span> 
     </span>
     <span class='ocr_line' id='line_1_28' title="bbox 114 2467 1015 2540; baseline -0.003 -17"><span class='ocrx_word' id='word_1_144' title='bbox 114 2475 371 2540; x_wconf 77' lang='lat' dir='ltr'>protegar</span> <span class='ocrx_word' id='word_1_145' title='bbox 394 2486 428 2522; x_wconf 86' lang='lat' dir='ltr'>a</span> <span class='ocrx_word' id='word_1_146' title='bbox 451 2467 651 2538; x_wconf 90' lang='lat' dir='ltr'>templo</span> <span class='ocrx_word' id='word_1_147' title='bbox 674 2472 860 2521; x_wconf 89' lang='lat' dir='ltr'>sancto</span> <span class='ocrx_word' id='word_1_148' title='bbox 883 2467 931 2538; x_wconf 87' lang='lat' dir='ltr'>ej</span> <span class='ocrx_word' id='word_1_149' title='bbox 939 2482 1015 2520; x_wconf 78' lang='lat' dir='ltr'>us,</span> 
     </span>
     <span class='ocr_line' id='line_1_29' title="bbox 142 2537 1328 2619; baseline -0.004 -20"><span class='ocrx_word' id='word_1_150' title='bbox 142 2600 165 2619; x_wconf 48' lang='grc' dir='ltr'>ι</span> <span class='ocrx_word' id='word_1_151' title='bbox 195 2540 593 2616; x_wconf 74' lang='lat' dir='ltr'>Evanyelium.</span> <span class='ocrx_word' id='word_1_152' title='bbox 674 2538 992 2597; x_wconf 76' lang='lat' dir='ltr'>Secundum</span> <span class='ocrx_word' id='word_1_153' title='bbox 1018 2537 1091 2595; x_wconf 89' lang='lat' dir='ltr'><em>M</em></span> <span class='ocrx_word' id='word_1_154' title='bbox 1089 2543 1328 2594; x_wconf 76' lang='lat' dir='ltr'>arcum.⁰</span> 
     </span>
     <span class='ocr_line' id='line_1_30' title="bbox 199 2618 1327 2695; baseline -0.004 -18"><span class='ocrx_word' id='word_1_155' title='bbox 199 2619 280 2677; x_wconf 89' lang='lat' dir='ltr'>In</span> <span class='ocrx_word' id='word_1_156' title='bbox 329 2618 427 2675; x_wconf 91' lang='lat' dir='ltr'>illo</span> <span class='ocrx_word' id='word_1_157' title='bbox 477 2626 753 2695; x_wconf 88' lang='lat' dir='ltr'>tempore,</span> <span class='ocrx_word' id='word_1_158' title='bbox 801 2618 945 2677; x_wconf 90' lang='lat' dir='ltr'>Cum</span> <span class='ocrx_word' id='word_1_159' title='bbox 999 2636 1125 2675; x_wconf 89' lang='lat' dir='ltr'>sero</span> <span class='ocrx_word' id='word_1_160' title='bbox 1179 2623 1327 2673; x_wconf 88' lang='lat' dir='ltr'>esset</span> 
     </span>
     <span class='ocr_line' id='line_1_31' title="bbox 118 2694 1329 2768; baseline -0.005 -12"><span class='ocrx_word' id='word_1_161' title='bbox 118 2698 355 2768; x_wconf 87' lang='lat' dir='ltr'>factum,</span> <span class='ocrx_word' id='word_1_162' title='bbox 387 2704 511 2755; x_wconf 88' lang='lat' dir='ltr'>erat</span> <span class='ocrx_word' id='word_1_163' title='bbox 537 2697 693 2754; x_wconf 90' lang='lat' dir='ltr'>navis</span> <span class='ocrx_word' id='word_1_164' title='bbox 733 2698 792 2753; x_wconf 90' lang='lat' dir='ltr'>in</span> <span class='ocrx_word' id='word_1_165' title='bbox 835 2696 1025 2753; x_wconf 88' lang='lat' dir='ltr'>medio</span> <span class='ocrx_word' id='word_1_166' title='bbox 1064 2694 1227 2764; x_wconf 89' lang='lat' dir='ltr'>mari,</span> <span class='ocrx_word' id='word_1_167' title='bbox 1269 2703 1329 2751; x_wconf 88' lang='lat' dir='ltr'>et</span> 
     </span>
     <span class='ocr_line' id='line_1_32' title="bbox 120 2770 1327 2836; baseline -0.006 0"><span class='ocrx_word' id='word_1_168' title='bbox 120 2777 293 2836; x_wconf 75' lang='lat' dir='ltr'>Jesus&#39;</span> <span class='ocrx_word' id='word_1_169' title='bbox 327 2774 477 2833; x_wconf 90' lang='lat' dir='ltr'>solus</span> <span class='ocrx_word' id='word_1_170' title='bbox 504 2776 562 2831; x_wconf 91' lang='lat' dir='ltr'>in</span> <span class='ocrx_word' id='word_1_171' title='bbox 602 2784 774 2833; x_wconf 87' lang='lat' dir='ltr'>terra.</span> <span class='ocrx_word' id='word_1_172' title='bbox 860 2775 940 2833; x_wconf 90' lang='lat' dir='ltr'>Et</span> <span class='ocrx_word' id='word_1_173' title='bbox 974 2773 1115 2831; x_wconf 89' lang='lat' dir='ltr'>vidit</span> <span class='ocrx_word' id='word_1_174' title='bbox 1143 2772 1283 2830; x_wconf 70' lang='lat' dir='ltr'>deos</span> <span class='ocrx_word' id='word_1_175' title='bbox 1303 2770 1327 2802; x_wconf 87' lang='lat'>‘¹</span> 
     </span>
     <span class='ocr_line' id='line_1_33' title="bbox 122 2851 1331 2931; baseline -0.005 -17"><span class='ocrx_word' id='word_1_176' title='bbox 122 2856 450 2914; x_wconf 86' lang='lat' dir='ltr'>laborantes</span> <span class='ocrx_word' id='word_1_177' title='bbox 494 2853 553 2910; x_wconf 92' lang='lat' dir='ltr'>in</span> <span class='ocrx_word' id='word_1_178' title='bbox 594 2854 945 2931; x_wconf 80' lang='lat' dir='ltr'>remigandO,</span> <span class='ocrx_word' id='word_1_179' title='bbox 989 2851 1138 2927; x_wconf 89' lang='lat' dir='ltr'>(erat</span> <span class='ocrx_word' id='word_1_180' title='bbox 1178 2851 1331 2910; x_wconf 90' lang='lat' dir='ltr'>enim</span> 
     </span>
     <span class='ocr_line' id='line_1_34' title="bbox 125 2931 1333 3010; baseline -0.003 -19"><span class='ocrx_word' id='word_1_181' title='bbox 125 2942 330 2993; x_wconf 71' lang='lat' dir='ltr'>ventus</span> <span class='ocrx_word' id='word_1_182' title='bbox 349 2932 663 2991; x_wconf 85' lang='lat' dir='ltr'>contrarius</span> <span class='ocrx_word' id='word_1_183' title='bbox 690 2932 796 3010; x_wconf 90' lang='lat' dir='ltr'>eis)</span> <span class='ocrx_word' id='word_1_184' title='bbox 825 2941 882 2991; x_wconf 92' lang='lat' dir='ltr'>et</span> <span class='ocrx_word' id='word_1_185' title='bbox 908 2931 1055 2988; x_wconf 87' lang='lat' dir='ltr'>circa</span> <span class='ocrx_word' id='word_1_186' title='bbox 1072 2938 1333 3008; x_wconf 87' lang='lat' dir='ltr'>quartam</span> 
     </span>
     <span class='ocr_line' id='line_1_35' title="bbox 127 3008 1334 3091; baseline -0.003 -21"><span class='ocrx_word' id='word_1_187' title='bbox 127 3011 382 3091; x_wconf 85' lang='lat' dir='ltr'>vigiliam</span> <span class='ocrx_word' id='word_1_188' title='bbox 410 3010 588 3067; x_wconf 86' lang='lat' dir='ltr'>noctis</span> <span class='ocrx_word' id='word_1_189' title='bbox 613 3010 771 3069; x_wconf 85' lang='lat' dir='ltr'>venit</span> <span class='ocrx_word' id='word_1_190' title='bbox 797 3011 867 3068; x_wconf 91' lang='lat' dir='ltr'>ad</span> <span class='ocrx_word' id='word_1_191' title='bbox 909 3029 1001 3067; x_wconf 92' lang='lat' dir='ltr'>eos</span> <span class='ocrx_word' id='word_1_192' title='bbox 1041 3008 1334 3066; x_wconf 81' lang='lat' dir='ltr'>ambulans</span> 
     </span>
     <span class='ocr_line' id='line_1_36' title="bbox 129 3085 1333 3171; baseline -0.006 -21"><span class='ocrx_word' id='word_1_193' title='bbox 129 3111 302 3171; x_wconf 91' lang='lat' dir='ltr'>supra</span> <span class='ocrx_word' id='word_1_194' title='bbox 328 3108 487 3146; x_wconf 89' lang='lat' dir='ltr'>mare</span> <span class='ocrx_word' id='word_1_195' title='bbox 510 3111 522 3146; x_wconf 73' lang='grc' dir='ltr'>ε</span> <span class='ocrx_word' id='word_1_196' title='bbox 567 3097 626 3146; x_wconf 92' lang='lat' dir='ltr'>et</span> <span class='ocrx_word' id='word_1_197' title='bbox 651 3085 870 3147; x_wconf 87' lang='lat' dir='ltr'>volebat</span> <span class='ocrx_word' id='word_1_198' title='bbox 898 3087 1195 3165; x_wconf 88' lang='lat' dir='ltr'>praeterire</span> <span class='ocrx_word' id='word_1_199' title='bbox 1222 3106 1333 3144; x_wconf 79' lang='lat' dir='ltr'>eos,</span> 
     </span>
     <span class='ocr_line' id='line_1_37' title="bbox 133 3166 1337 3229; baseline -0.007 0"><span class='ocrx_word' id='word_1_200' title='bbox 133 3170 220 3229; x_wconf 89' lang='lat' dir='ltr'>At</span> <span class='ocrx_word' id='word_1_201' title='bbox 256 3167 341 3226; x_wconf 89' lang='lat' dir='ltr'>illi</span> <span class='ocrx_word' id='word_1_202' title='bbox 386 3175 450 3224; x_wconf 90' lang='lat' dir='ltr'>ut</span> <span class='ocrx_word' id='word_1_203' title='bbox 487 3166 751 3225; x_wconf 86' lang='lat' dir='ltr'>viderunt</span> <span class='ocrx_word' id='word_1_204' title='bbox 795 3187 923 3226; x_wconf 90' lang='lat' dir='ltr'>eum</span> <span class='ocrx_word' id='word_1_205' title='bbox 971 3185 1032 3222; x_wconf 89' lang='lat' dir='ltr'>su</span> <span class='ocrx_word' id='word_1_206' title='bbox 1077 3185 1140 3221; x_wconf 87' lang='lat' dir='ltr'>ra</span> <span class='ocrx_word' id='word_1_207' title='bbox 1180 3185 1337 3222; x_wconf 90' lang='lat' dir='ltr'>mare</span> 
     </span>
     <span class='ocr_line' id='line_1_38' title="bbox 133 3186 1342 3324; baseline -0.005 -19"><span class='ocrx_word' id='word_1_208' title='bbox 133 3246 537 3315; x_wconf 89' lang='lat' dir='ltr'>ambulantem,</span> <span class='ocrx_word' id='word_1_209' title='bbox 601 3252 943 3324; x_wconf 84' lang='lat' dir='ltr'>putaverunt</span> <span class='ocrx_word' id='word_1_210' title='bbox 1002 3186 1342 3322; x_wconf 58' lang='lat' dir='ltr'>pluantasxna</span> 
     </span>
     <span class='ocr_line' id='line_1_39' title="bbox 141 3320 1341 3398; baseline -0.008 -13"><span class='ocrx_word' id='word_1_211' title='bbox 141 3345 275 3398; x_wconf 85' lang='lat' dir='ltr'>esse,</span> <span class='ocrx_word' id='word_1_212' title='bbox 303 3334 365 3384; x_wconf 92' lang='lat' dir='ltr'>et</span> <span class='ocrx_word' id='word_1_213' title='bbox 393 3323 869 3383; x_wconf 84' lang='lat' dir='ltr'>exclamaverunt.</span> <span class='ocrx_word' id='word_1_214' title='bbox 954 3321 1166 3380; x_wconf 84' lang='lat' dir='ltr'>Omnes</span> <span class='ocrx_word' id='word_1_215' title='bbox 1187 3320 1341 3379; x_wconf 87' lang='lat' dir='ltr'>enim</span> 
     </span>
     <span class='ocr_line' id='line_1_40' title="bbox 142 3399 1344 3472; baseline -0.004 -10"><span class='ocrx_word' id='word_1_216' title='bbox 142 3424 266 3462; x_wconf 90' lang='lat' dir='ltr'>eum</span> <span class='ocrx_word' id='word_1_217' title='bbox 292 3403 579 3472; x_wconf 88' lang='lat' dir='ltr'>viderunt,</span> <span class='ocrx_word' id='word_1_218' title='bbox 608 3410 667 3459; x_wconf 90' lang='lat' dir='ltr'>et</span> <span class='ocrx_word' id='word_1_219' title='bbox 686 3401 1005 3459; x_wconf 90' lang='lat' dir='ltr'>conturbati</span> <span class='ocrx_word' id='word_1_220' title='bbox 1032 3407 1184 3457; x_wconf 89' lang='lat' dir='ltr'>sunt.</span> <span class='ocrx_word' id='word_1_221' title='bbox 1263 3399 1344 3458; x_wconf 88' lang='lat' dir='ltr'>Et</span> 
     </span>
     <span class='ocr_line' id='line_1_41' title="bbox 140 3475 1342 3551; baseline -0.004 -11"><span class='ocrx_word' id='word_1_222' title='bbox 140 3483 330 3541; x_wconf 86' lang='lat' dir='ltr'>statim</span> <span class='ocrx_word' id='word_1_223' title='bbox 347 3482 568 3539; x_wconf 91' lang='lat' dir='ltr'>locutus</span> <span class='ocrx_word' id='word_1_224' title='bbox 589 3488 676 3538; x_wconf 89' lang='lat' dir='ltr'>est</span> <span class='ocrx_word' id='word_1_225' title='bbox 695 3500 820 3538; x_wconf 90' lang='lat' dir='ltr'>cum</span> <span class='ocrx_word' id='word_1_226' title='bbox 845 3480 944 3551; x_wconf 77' lang='lat' dir='ltr'>eie,</span> <span class='ocrx_word' id='word_1_227' title='bbox 961 3488 1019 3537; x_wconf 93' lang='lat' dir='ltr'>et</span> <span class='ocrx_word' id='word_1_228' title='bbox 1035 3479 1187 3536; x_wconf 81' lang='lat' dir='ltr'>dixit</span> <span class='ocrx_word' id='word_1_229' title='bbox 1204 3475 1342 3535; x_wconf 83' lang='lat' dir='ltr'>illis:</span> 
     </span>
     <span class='ocr_line' id='line_1_42' title="bbox 44 3555 1348 3635; baseline -0.005 -15"><span class='ocrx_word' id='word_1_230' title='bbox 44 3603 45 3606; x_wconf 51' lang='lat'><em>=</em></span> <span class='ocrx_word' id='word_1_231' title='bbox 146 3561 448 3632; x_wconf 86' lang='lat' dir='ltr'>Confidite,</span> <span class='ocrx_word' id='word_1_232' title='bbox 477 3579 583 3635; x_wconf 79' lang='lat' dir='ltr'>ego</span> <span class='ocrx_word' id='word_1_233' title='bbox 609 3579 751 3630; x_wconf 89' lang='lat' dir='ltr'>sum,</span> <span class='ocrx_word' id='word_1_234' title='bbox 775 3557 950 3616; x_wconf 91' lang='lat' dir='ltr'>nolite</span> <span class='ocrx_word' id='word_1_235' title='bbox 977 3557 1199 3615; x_wconf 90' lang='lat' dir='ltr'>timere.</span> <span class='ocrx_word' id='word_1_236' title='bbox 1266 3555 1348 3614; x_wconf 88' lang='lat' dir='ltr'>Et</span> 
     </span>
     <span class='ocr_line' id='line_1_43' title="bbox 44 3635 1350 3707; baseline -0.005 -8"><span class='ocrx_word' id='word_1_237' title='bbox 44 3649 49 3678; x_wconf 64' lang='lat' dir='ltr'>r</span> <span class='ocrx_word' id='word_1_238' title='bbox 143 3640 392 3698; x_wconf 88' lang='lat' dir='ltr'>ascendit</span> <span class='ocrx_word' id='word_1_239' title='bbox 416 3637 490 3696; x_wconf 92' lang='lat' dir='ltr'>ad</span> <span class='ocrx_word' id='word_1_240' title='bbox 518 3636 642 3694; x_wconf 89' lang='lat' dir='ltr'>illos</span> <span class='ocrx_word' id='word_1_241' title='bbox 676 3637 736 3693; x_wconf 93' lang='lat' dir='ltr'>in</span> <span class='ocrx_word' id='word_1_242' title='bbox 768 3635 974 3707; x_wconf 84' lang='lat' dir='ltr'>navim,</span> <span class='ocrx_word' id='word_1_243' title='bbox 1017 3643 1076 3693; x_wconf 92' lang='lat' dir='ltr'>et</span> <span class='ocrx_word' id='word_1_244' title='bbox 1115 3635 1350 3693; x_wconf 84' lang='lat' dir='ltr'>cessavit</span> 
     </span>
     <span class='ocr_line' id='line_1_44' title="bbox 145 3713 1350 3806; baseline -0.002 -33"><span class='ocrx_word' id='word_1_245' title='bbox 145 3727 362 3777; x_wconf 79' lang='lat' dir='ltr'>ventus,</span> <span class='ocrx_word' id='word_1_246' title='bbox 448 3716 530 3778; x_wconf 79' lang='lat' dir='ltr'>Et</span> <span class='ocrx_word' id='word_1_247' title='bbox 549 3713 674 3806; x_wconf 91' lang='lat' dir='ltr'>plus</span> <span class='ocrx_word' id='word_1_248' title='bbox 696 3715 872 3791; x_wconf 83' lang='lat' dir='ltr'>magis</span> <span class='ocrx_word' id='word_1_249' title='bbox 894 3714 1047 3772; x_wconf 88' lang='lat' dir='ltr'>intra</span> <span class='ocrx_word' id='word_1_250' title='bbox 1071 3734 1130 3772; x_wconf 90' lang='lat' dir='ltr'>se</span> <span class='ocrx_word' id='word_1_251' title='bbox 1157 3726 1350 3791; x_wconf 88' lang='lat' dir='ltr'>stupe·</span> 
     </span>
     <span class='ocr_line' id='line_1_45' title="bbox 146 3790 1351 3869; baseline -0.007 -15"><span class='ocrx_word' id='word_1_252' title='bbox 146 3798 311 3856; x_wconf 88' lang='lat' dir='ltr'>bant:</span> <span class='ocrx_word' id='word_1_253' title='bbox 342 3814 460 3853; x_wconf 90' lang='lat' dir='ltr'>non</span> <span class='ocrx_word' id='word_1_254' title='bbox 483 3814 635 3852; x_wconf 78' lang='lat' dir='ltr'>enlm</span> <span class='ocrx_word' id='word_1_255' title='bbox 662 3792 1071 3852; x_wconf 86' lang='lat' dir='ltr'>intellexerunt</span> <span class='ocrx_word' id='word_1_256' title='bbox 1090 3792 1162 3850; x_wconf 91' lang='lat' dir='ltr'>de</span> <span class='ocrx_word' id='word_1_257' title='bbox 1191 3790 1351 3869; x_wconf 83' lang='lat' dir='ltr'>pani-</span> 
     </span>
     <span class='ocr_line' id='line_1_46' title="bbox 148 3870 1350 3933; baseline -0.008 1"><span class='ocrx_word' id='word_1_258' title='bbox 148 3876 274 3933; x_wconf 88' lang='lat' dir='ltr'>bus:</span> <span class='ocrx_word' id='word_1_259' title='bbox 306 3881 434 3933; x_wconf 89' lang='lat' dir='ltr'>erat</span> <span class='ocrx_word' id='word_1_260' title='bbox 454 3871 609 3931; x_wconf 92' lang='lat' dir='ltr'>enim</span> <span class='ocrx_word' id='word_1_261' title='bbox 630 3891 724 3929; x_wconf 90' lang='lat' dir='ltr'>cor</span> <span class='ocrx_word' id='word_1_262' title='bbox 743 3870 964 3929; x_wconf 90' lang='lat' dir='ltr'>illorum</span> <span class='ocrx_word' id='word_1_263' title='bbox 989 3872 1350 3929; x_wconf 84' lang='lat' dir='ltr'>obcaecatum.</span> 
     </span>
    </p>
   </div>
   <div class='ocr_carea' id='block_1_7' title="bbox 153 4233 1063 4651">
    <p class='ocr_par' dir='ltr' id='par_1_7' title="bbox 153 4233 591 4292">
     <span class='ocr_line' id='line_1_47' title="bbox 153 4233 591 4292; baseline -0.018 2"><span class='ocrx_word' id='word_1_264' title='bbox 153 4245 182 4275; x_wconf 77' lang='lat'>⁸</span> <span class='ocrx_word' id='word_1_265' title='bbox 213 4233 591 4292; x_wconf 78' lang='lat' dir='ltr'>solvaris—98.</span> 
     </span>
    </p>

    <p class='ocr_par' dir='ltr' id='par_1_8' title="bbox 155 4303 777 4390">
     <span class='ocr_line' id='line_1_48' title="bbox 155 4303 777 4390; baseline -0.013 -27"><span class='ocrx_word' id='word_1_266' title='bbox 155 4308 183 4346; x_wconf 57' lang='grc' dir='ltr'><em>Β</em></span> <span class='ocrx_word' id='word_1_267' title='bbox 218 4308 305 4363; x_wconf 81' lang='lat' dir='ltr'>Pe.</span> <span class='ocrx_word' id='word_1_268' title='bbox 328 4306 473 4390; x_wconf 45' lang='lat' dir='ltr'>xsvi.</span> <span class='ocrx_word' id='word_1_269' title='bbox 503 4303 692 4376; x_wconf 81' lang='lat' dir='ltr'>(xxvii.</span> <span class='ocrx_word' id='word_1_270' title='bbox 717 4303 777 4375; x_wconf 86' lang='lat'>4)</span> 
     </span>
    </p>

    <p class='ocr_par' dir='ltr' id='par_1_9' title="bbox 157 4374 942 4520">
     <span class='ocr_line' id='line_1_49' title="bbox 157 4374 942 4520; baseline -0.005 -18"><span class='ocrx_word' id='word_1_271' title='bbox 157 4389 187 4486; x_wconf 61' lang='grc' dir='ltr'>Ϊι</span> <span class='ocrx_word' id='word_1_272' title='bbox 204 4376 509 4520; x_wconf 50' lang='grc' dir='ltr'>ῗῗιῖὲῑᾞίιιῖὲ</span> <span class='ocrx_word' id='word_1_273' title='bbox 525 4374 845 4500; x_wconf 43' lang='grc' dir='ltr'>ἓῖιοὲγ-’ἔίῗ</span> <span class='ocrx_word' id='word_1_274' title='bbox 857 4443 942 4498; x_wconf 85' lang='lat'>26.</span> 
     </span>
    </p>

    <p class='ocr_par' dir='ltr' id='par_1_10' title="bbox 162 4514 1063 4651">
     <span class='ocr_line' id='line_1_50' title="bbox 162 4514 1063 4651; baseline -0.002 -79"><span class='ocrx_word' id='word_1_275' title='bbox 162 4529 185 4557; x_wconf 58' lang='grc' dir='ltr'><strong>θ</strong></span> <span class='ocrx_word' id='word_1_276' title='bbox 222 4518 306 4574; x_wconf 74' lang='lat' dir='ltr'>Pe.</span> <span class='ocrx_word' id='word_1_277' title='bbox 332 4518 511 4573; x_wconf 83' lang='lat' dir='ltr'>cxviii.</span> <span class='ocrx_word' id='word_1_278' title='bbox 540 4515 699 4651; x_wconf 59' lang='grc' dir='ltr'><strong>(οῗίὀι.</strong></span> <span class='ocrx_word' id='word_1_279' title='bbox 727 4515 812 4585; x_wconf 83' lang='grc'>25,</span> <span class='ocrx_word' id='word_1_280' title='bbox 840 4514 924 4587; x_wconf 83' lang='lat'>26,</span> <span class='ocrx_word' id='word_1_281' title='bbox 952 4515 1063 4584; x_wconf 76' lang='lat'>27.)</span> 
     </span>
    </p>
   </div>
   <div class='ocr_carea' id='block_1_8' title="bbox 1418 446 2663 3818">
    <p class='ocr_par' dir='ltr' id='par_1_11' title="bbox 1418 446 2628 1449">
     <span class='ocr_line' id='line_1_51' title="bbox 1418 446 2624 519; baseline 0.003 -14"><span class='ocrx_word' id='word_1_282' title='bbox 1418 446 1498 505; x_wconf 86' lang='lat' dir='ltr'>Et</span> <span class='ocrx_word' id='word_1_283' title='bbox 1537 468 1663 505; x_wconf 79' lang='lat' dir='ltr'>culn</span> <span class='ocrx_word' id='word_1_284' title='bbox 1710 446 2188 519; x_wconf 79' lang='lat' dir='ltr'>transfretassent,</span> <span class='ocrx_word' id='word_1_285' title='bbox 2243 459 2523 509; x_wconf 88' lang='lat' dir='ltr'>venerunt</span> <span class='ocrx_word' id='word_1_286' title='bbox 2565 451 2624 509; x_wconf 89' lang='lat' dir='ltr'>in</span> 
     </span>
     <span class='ocr_line' id='line_1_52' title="bbox 1419 526 2621 607; baseline 0 -21"><span class='ocrx_word' id='word_1_287' title='bbox 1419 543 1635 586; x_wconf 86' lang='lat' dir='ltr'>terram</span> <span class='ocrx_word' id='word_1_288' title='bbox 1693 526 2064 599; x_wconf 82' lang='lat' dir='ltr'>Genesareth,</span> <span class='ocrx_word' id='word_1_289' title='bbox 2108 536 2168 586; x_wconf 92' lang='lat' dir='ltr'>et</span> <span class='ocrx_word' id='word_1_290' title='bbox 2212 528 2621 607; x_wconf 85' lang='lat' dir='ltr'>applicuerunt.</span> 
     </span>
     <span class='ocr_line' id='line_1_53' title="bbox 1418 604 2621 683; baseline 0.001 -20"><span class='ocrx_word' id='word_1_291' title='bbox 1418 604 1674 682; x_wconf 86' lang='lat' dir='ltr'>Cumque</span> <span class='ocrx_word' id='word_1_292' title='bbox 1714 606 1926 683; x_wconf 83' lang='lat' dir='ltr'>egressi</span> <span class='ocrx_word' id='word_1_293' title='bbox 1954 614 2142 665; x_wconf 89' lang='lat' dir='ltr'>essent</span> <span class='ocrx_word' id='word_1_294' title='bbox 2167 606 2241 664; x_wconf 93' lang='lat' dir='ltr'>de</span> <span class='ocrx_word' id='word_1_295' title='bbox 2268 608 2415 678; x_wconf 87' lang='lat' dir='ltr'>navi,</span> <span class='ocrx_word' id='word_1_296' title='bbox 2444 609 2621 666; x_wconf 87' lang='lat' dir='ltr'>conti-</span> 
     </span>
     <span class='ocr_line' id='line_1_54' title="bbox 1420 693 2623 764; baseline 0.003 -25"><span class='ocrx_word' id='word_1_297' title='bbox 1420 702 1534 740; x_wconf 91' lang='lat' dir='ltr'>nuo</span> <span class='ocrx_word' id='word_1_298' title='bbox 1560 693 1945 761; x_wconf 84' lang='lat' dir='ltr'>cognoverunt</span> <span class='ocrx_word' id='word_1_299' title='bbox 1966 705 2126 743; x_wconf 86' lang='lat' dir='ltr'>eum:</span> <span class='ocrx_word' id='word_1_300' title='bbox 2155 693 2215 743; x_wconf 88' lang='lat' dir='ltr'>et</span> <span class='ocrx_word' id='word_1_301' title='bbox 2230 694 2623 764; x_wconf 87' lang='lat' dir='ltr'>percurrentes</span> 
     </span>
     <span class='ocr_line' id='line_1_55' title="bbox 1421 761 2625 843; baseline 0.006 -27"><span class='ocrx_word' id='word_1_302' title='bbox 1421 762 1739 820; x_wconf 82' lang='lat' dir='ltr'>universam</span> <span class='ocrx_word' id='word_1_303' title='bbox 1784 764 2071 841; x_wconf 82' lang='lat' dir='ltr'>regionem</span> <span class='ocrx_word' id='word_1_304' title='bbox 2111 761 2284 835; x_wconf 88' lang='lat' dir='ltr'>illam,</span> <span class='ocrx_word' id='word_1_305' title='bbox 2332 777 2625 843; x_wconf 84' lang='lat' dir='ltr'>coeperunt</span> 
     </span>
     <span class='ocr_line' id='line_1_56' title="bbox 1419 839 2624 920; baseline 0.005 -25"><span class='ocrx_word' id='word_1_306' title='bbox 1419 839 1480 895; x_wconf 91' lang='lat' dir='ltr'>in</span> <span class='ocrx_word' id='word_1_307' title='bbox 1512 841 1760 919; x_wconf 84' lang='lat' dir='ltr'>grabatis</span> <span class='ocrx_word' id='word_1_308' title='bbox 1787 862 1897 913; x_wconf 66' lang='grc' dir='ltr'><strong>θος,</strong></span> <span class='ocrx_word' id='word_1_309' title='bbox 1927 842 2022 920; x_wconf 85' lang='lat' dir='ltr'>qui</span> <span class='ocrx_word' id='word_1_310' title='bbox 2050 862 2109 900; x_wconf 86' lang='lat' dir='ltr'>se</span> <span class='ocrx_word' id='word_1_311' title='bbox 2137 842 2285 900; x_wconf 89' lang='lat' dir='ltr'>male</span> <span class='ocrx_word' id='word_1_312' title='bbox 2320 842 2624 913; x_wconf 88' lang='lat' dir='ltr'>habebant,</span> 
     </span>
     <span class='ocr_line' id='line_1_57' title="bbox 1421 919 2622 991; baseline 0.002 -17"><span class='ocrx_word' id='word_1_313' title='bbox 1421 919 1798 991; x_wconf 85' lang='lat' dir='ltr'>circumferre,</span> <span class='ocrx_word' id='word_1_314' title='bbox 1847 922 1944 979; x_wconf 93' lang='lat' dir='ltr'>ubi</span> <span class='ocrx_word' id='word_1_315' title='bbox 1982 922 2286 980; x_wconf 87' lang='lat' dir='ltr'>audiebant</span> <span class='ocrx_word' id='word_1_316' title='bbox 2321 942 2451 980; x_wconf 91' lang='lat' dir='ltr'>eum</span> <span class='ocrx_word' id='word_1_317' title='bbox 2485 941 2622 980; x_wconf 87' lang='lat' dir='ltr'>esse.</span> 
     </span>
     <span class='ocr_line' id='line_1_58' title="bbox 1420 996 2625 1132; baseline 0.002 -77"><span class='ocrx_word' id='word_1_318' title='bbox 1420 996 1500 1055; x_wconf 82' lang='lat' dir='ltr'>Et</span> <span class='ocrx_word' id='word_1_319' title='bbox 1539 1017 1885 1132; x_wconf 73' lang='lat' dir='ltr'>qluocumque</span> <span class='ocrx_word' id='word_1_320' title='bbox 1926 1000 2215 1071; x_wconf 87' lang='lat' dir='ltr'>introibat,</span> <span class='ocrx_word' id='word_1_321' title='bbox 2259 1000 2317 1056; x_wconf 90' lang='lat' dir='ltr'>in</span> <span class='ocrx_word' id='word_1_322' title='bbox 2345 1000 2494 1057; x_wconf 90' lang='lat' dir='ltr'>vicos</span> <span class='ocrx_word' id='word_1_323' title='bbox 2534 1000 2625 1059; x_wconf 83' lang='lat' dir='ltr'>vel</span> 
     </span>
     <span class='ocr_line' id='line_1_59' title="bbox 1422 1075 2626 1158; baseline 0.006 -27"><span class='ocrx_word' id='word_1_324' title='bbox 1422 1076 1482 1131; x_wconf 91' lang='lat' dir='ltr'>in</span> <span class='ocrx_word' id='word_1_325' title='bbox 1512 1077 1565 1131; x_wconf 89' lang='lat' dir='ltr'>vi</span> <span class='ocrx_word' id='word_1_326' title='bbox 1591 1075 1668 1132; x_wconf 81' lang='lat' dir='ltr'>las</span> <span class='ocrx_word' id='word_1_327' title='bbox 1696 1086 1793 1135; x_wconf 88' lang='lat' dir='ltr'>aut</span> <span class='ocrx_word' id='word_1_328' title='bbox 1820 1078 2091 1149; x_wconf 75' lang='lat' dir='ltr'>civitate8‚</span> <span class='ocrx_word' id='word_1_329' title='bbox 2119 1079 2177 1135; x_wconf 90' lang='lat' dir='ltr'>in</span> <span class='ocrx_word' id='word_1_330' title='bbox 2209 1078 2412 1158; x_wconf 86' lang='lat' dir='ltr'>plateis</span> <span class='ocrx_word' id='word_1_331' title='bbox 2451 1098 2626 1156; x_wconf 90' lang='lat' dir='ltr'>pone-</span> 
     </span>
     <span class='ocr_line' id='line_1_60' title="bbox 1422 1154 2625 1236; baseline 0.002 -25"><span class='ocrx_word' id='word_1_332' title='bbox 1422 1154 1561 1212; x_wconf 88' lang='lat' dir='ltr'>bant</span> <span class='ocrx_word' id='word_1_333' title='bbox 1600 1155 1875 1227; x_wconf 77' lang='lat' dir='ltr'>infirmoS,</span> <span class='ocrx_word' id='word_1_334' title='bbox 1906 1166 1965 1215; x_wconf 89' lang='lat' dir='ltr'>et</span> <span class='ocrx_word' id='word_1_335' title='bbox 1992 1157 2439 1236; x_wconf 82' lang='lat' dir='ltr'>deprecabantur</span> <span class='ocrx_word' id='word_1_336' title='bbox 2474 1177 2625 1227; x_wconf 90' lang='lat' dir='ltr'>eum,</span> 
     </span>
     <span class='ocr_line' id='line_1_61' title="bbox 1421 1230 2628 1314; baseline 0.003 -26"><span class='ocrx_word' id='word_1_337' title='bbox 1421 1240 1486 1289; x_wconf 91' lang='lat' dir='ltr'>ut</span> <span class='ocrx_word' id='word_1_338' title='bbox 1522 1230 1611 1290; x_wconf 85' lang='lat' dir='ltr'>vel</span> <span class='ocrx_word' id='word_1_339' title='bbox 1650 1233 1934 1292; x_wconf 78' lang='lat' dir='ltr'>fimbriam</span> <span class='ocrx_word' id='word_1_340' title='bbox 1979 1236 2298 1294; x_wconf 86' lang='lat' dir='ltr'>vestimenti</span> <span class='ocrx_word' id='word_1_341' title='bbox 2341 1237 2461 1314; x_wconf 88' lang='lat' dir='ltr'>ejus</span> <span class='ocrx_word' id='word_1_342' title='bbox 2500 1244 2628 1295; x_wconf 88' lang='lat' dir='ltr'>tan-</span> 
     </span>
     <span class='ocr_line' id='line_1_62' title="bbox 1420 1317 2627 1394; baseline 0.003 -26"><span class='ocrx_word' id='word_1_343' title='bbox 1420 1320 1643 1390; x_wconf 85' lang='lat' dir='ltr'>gerent,</span> <span class='ocrx_word' id='word_1_344' title='bbox 1698 1321 1758 1370; x_wconf 89' lang='lat' dir='ltr'>et</span> <span class='ocrx_word' id='word_1_345' title='bbox 1795 1323 2071 1393; x_wconf 87' lang='lat' dir='ltr'>quotquot</span> <span class='ocrx_word' id='word_1_346' title='bbox 2121 1317 2432 1394; x_wconf 83' lang='lat' dir='ltr'>tangebant</span> <span class='ocrx_word' id='word_1_347' title='bbox 2478 1334 2627 1387; x_wconf 90' lang='lat' dir='ltr'>eum,</span> 
     </span>
     <span class='ocr_line' id='line_1_63' title="bbox 1422 1388 1916 1449; baseline 0.01 -4"><span class='ocrx_word' id='word_1_348' title='bbox 1422 1388 1560 1446; x_wconf 88' lang='lat' dir='ltr'>salvi</span> <span class='ocrx_word' id='word_1_349' title='bbox 1586 1389 1817 1449; x_wconf 88' lang='lat' dir='ltr'>fiebant.</span> <span class='ocrx_word' id='word_1_350' title='bbox 1913 1397 1916 1400; x_wconf 69' lang='grc'><strong>’</strong></span> 
     </span>
    </p>

    <p class='ocr_par' dir='ltr' id='par_1_12' title="bbox 1508 1467 1918 1543">
     <span class='ocr_line' id='line_1_64' title="bbox 1508 1467 1918 1543; baseline 0 -17"><span class='ocrx_word' id='word_1_351' title='bbox 1508 1467 1918 1543; x_wconf 71' lang='lat' dir='ltr'>offertoriume</span> 
     </span>
    </p>

    <p class='ocr_par' dir='ltr' id='par_1_13' title="bbox 1426 1544 2633 1902">
     <span class='ocr_line' id='line_1_65' title="bbox 1498 1544 2630 1614; baseline 0.004 -17"><span class='ocrx_word' id='word_1_352' title='bbox 1498 1544 1742 1614; x_wconf 90' lang='lat' dir='ltr'>Domine,</span> <span class='ocrx_word' id='word_1_353' title='bbox 1793 1546 2003 1601; x_wconf 85' lang='lat' dir='ltr'>vivifica</span> <span class='ocrx_word' id='word_1_354' title='bbox 2049 1563 2136 1599; x_wconf 91' lang='lat' dir='ltr'>me</span> <span class='ocrx_word' id='word_1_355' title='bbox 2183 1547 2474 1600; x_wconf 89' lang='lat' dir='ltr'>secundum</span> <span class='ocrx_word' id='word_1_356' title='bbox 2524 1546 2630 1601; x_wconf 87' lang='lat' dir='ltr'>elo·</span> 
     </span>
     <span class='ocr_line' id='line_1_66' title="bbox 1426 1615 2600 1685; baseline 0.003 -18"><span class='ocrx_word' id='word_1_357' title='bbox 1426 1615 1618 1685; x_wconf 90' lang='lat' dir='ltr'>quium</span> <span class='ocrx_word' id='word_1_358' title='bbox 1645 1622 1800 1669; x_wconf 88' lang='lat' dir='ltr'>tuum</span> <span class='ocrx_word' id='word_1_359' title='bbox 1825 1637 1836 1669; x_wconf 76' lang='lat' dir='ltr'><em>z</em></span> <span class='ocrx_word' id='word_1_360' title='bbox 1880 1623 1944 1669; x_wconf 89' lang='lat' dir='ltr'>ut</span> <span class='ocrx_word' id='word_1_361' title='bbox 1968 1617 2128 1670; x_wconf 85' lang='lat' dir='ltr'>sciam</span> <span class='ocrx_word' id='word_1_362' title='bbox 2156 1617 2465 1670; x_wconf 87' lang='lat' dir='ltr'>testimonia</span> <span class='ocrx_word' id='word_1_363' title='bbox 2489 1622 2600 1671; x_wconf 86' lang='lat' dir='ltr'>tua.</span> 
     </span>
     <span class='ocr_line' id='line_1_67' title="bbox 1439 1686 2627 1742; baseline 0.001 -3"><span class='ocrx_word' id='word_1_364' title='bbox 1439 1686 1500 1741; x_wconf 82' lang='lat' dir='ltr'>V.</span> <span class='ocrx_word' id='word_1_365' title='bbox 1576 1687 1659 1740; x_wconf 89' lang='lat' dir='ltr'>Da</span> <span class='ocrx_word' id='word_1_366' title='bbox 1717 1687 1851 1739; x_wconf 91' lang='lat' dir='ltr'>mihi</span> <span class='ocrx_word' id='word_1_367' title='bbox 1914 1686 2250 1740; x_wconf 85' lang='lat' dir='ltr'>intellectum</span> <span class='ocrx_word' id='word_1_368' title='bbox 2304 1692 2369 1740; x_wconf 89' lang='lat' dir='ltr'>ut</span> <span class='ocrx_word' id='word_1_369' title='bbox 2427 1688 2627 1742; x_wconf 82' lang='lat' dir='ltr'>discam</span> 
     </span>
     <span class='ocr_line' id='line_1_68' title="bbox 1428 1757 2633 1814; baseline 0.002 -4"><span class='ocrx_word' id='word_1_370' title='bbox 1428 1758 1690 1811; x_wconf 87' lang='lat' dir='ltr'>mandata</span> <span class='ocrx_word' id='word_1_371' title='bbox 1713 1763 1840 1812; x_wconf 84' lang='lat' dir='ltr'>tua:</span> <span class='ocrx_word' id='word_1_372' title='bbox 1879 1762 1934 1811; x_wconf 88' lang='lat' dir='ltr'>et</span> <span class='ocrx_word' id='word_1_373' title='bbox 1959 1757 2266 1812; x_wconf 84' lang='lat' dir='ltr'>voluntaria</span> <span class='ocrx_word' id='word_1_374' title='bbox 2287 1758 2394 1813; x_wconf 90' lang='lat' dir='ltr'>oris</span> <span class='ocrx_word' id='word_1_375' title='bbox 2417 1758 2526 1814; x_wconf 91' lang='lat' dir='ltr'>mei</span> <span class='ocrx_word' id='word_1_376' title='bbox 2547 1759 2633 1813; x_wconf 81' lang='lat' dir='ltr'>fac</span> 
     </span>
     <span class='ocr_line' id='line_1_69' title="bbox 1429 1828 2286 1902; baseline 0.002 -22"><span class='ocrx_word' id='word_1_377' title='bbox 1429 1828 1567 1880; x_wconf 90' lang='lat' dir='ltr'>mihi</span> <span class='ocrx_word' id='word_1_378' title='bbox 1591 1828 1651 1880; x_wconf 90' lang='lat' dir='ltr'>in</span> <span class='ocrx_word' id='word_1_379' title='bbox 1672 1828 2016 1902; x_wconf 84' lang='lat' dir='ltr'>beneplacito,</span> <span class='ocrx_word' id='word_1_380' title='bbox 2044 1829 2286 1882; x_wconf 89' lang='lat' dir='ltr'>Domine.</span> 
     </span>
    </p>

    <p class='ocr_par' dir='ltr' id='par_1_14' title="bbox 1512 1899 1750 1959">
     <span class='ocr_line' id='line_1_70' title="bbox 1512 1899 1750 1959; baseline -0.004 0"><span class='ocrx_word' id='word_1_381' title='bbox 1512 1899 1750 1959; x_wconf 76' lang='lat' dir='ltr'>Secreta.</span> 
     </span>
    </p>

    <p class='ocr_par' dir='ltr' id='par_1_15' title="bbox 1433 1979 2641 2294">
     <span class='ocr_line' id='line_1_71' title="bbox 1515 1979 2632 2057; baseline 0 -20"><span class='ocrx_word' id='word_1_382' title='bbox 1515 1979 1786 2057; x_wconf 86' lang='lat' dir='ltr'>Prae-para</span> <span class='ocrx_word' id='word_1_383' title='bbox 1823 1998 1942 2050; x_wconf 89' lang='lat' dir='ltr'>nos,</span> <span class='ocrx_word' id='word_1_384' title='bbox 1985 1979 2252 2050; x_wconf 89' lang='lat' dir='ltr'>Domine,</span> <span class='ocrx_word' id='word_1_385' title='bbox 2294 1998 2632 2057; x_wconf 73' lang='lat' dir='ltr'>quaesumuS,</span> 
     </span>
     <span class='ocr_line' id='line_1_72' title="bbox 1433 2054 2640 2134; baseline 0.002 -20"><span class='ocrx_word' id='word_1_386' title='bbox 1433 2054 1604 2134; x_wconf 89' lang='lat' dir='ltr'>hujus</span> <span class='ocrx_word' id='word_1_387' title='bbox 1650 2058 1852 2115; x_wconf 90' lang='lat' dir='ltr'>votivis</span> <span class='ocrx_word' id='word_1_388' title='bbox 1891 2059 2249 2117; x_wconf 74' lang='lat' dir='ltr'>abstinentiae</span> <span class='ocrx_word' id='word_1_389' title='bbox 2296 2057 2524 2117; x_wconf 86' lang='lat' dir='ltr'>officiis:</span> <span class='ocrx_word' id='word_1_390' title='bbox 2571 2066 2640 2116; x_wconf 90' lang='lat' dir='ltr'>ut</span> 
     </span>
     <span class='ocr_line' id='line_1_73' title="bbox 1434 2134 2641 2197; baseline 0.003 -5"><span class='ocrx_word' id='word_1_391' title='bbox 1434 2134 1559 2194; x_wconf 85' lang='lat' dir='ltr'>haec</span> <span class='ocrx_word' id='word_1_392' title='bbox 1586 2136 1856 2195; x_wconf 88' lang='lat' dir='ltr'>sacrificia</span> <span class='ocrx_word' id='word_1_393' title='bbox 1893 2136 2217 2197; x_wconf 85' lang='lat' dir='ltr'>veneranda</span> <span class='ocrx_word' id='word_1_394' title='bbox 2254 2136 2454 2196; x_wconf 86' lang='lat' dir='ltr'>sobriis</span> <span class='ocrx_word' id='word_1_395' title='bbox 2491 2156 2641 2196; x_wconf 86' lang='lat' dir='ltr'>sem-</span> 
     </span>
     <span class='ocr_line' id='line_1_74' title="bbox 1436 2215 2457 2294; baseline -0.001 -21"><span class='ocrx_word' id='word_1_396' title='bbox 1436 2234 1543 2294; x_wconf 85' lang='lat' dir='ltr'>per</span> <span class='ocrx_word' id='word_1_397' title='bbox 1569 2215 1854 2274; x_wconf 89' lang='lat' dir='ltr'>mentibus</span> <span class='ocrx_word' id='word_1_398' title='bbox 1879 2215 2241 2275; x_wconf 89' lang='lat' dir='ltr'>celebremus.</span> <span class='ocrx_word' id='word_1_399' title='bbox 2327 2216 2457 2275; x_wconf 91' lang='lat' dir='ltr'>Per.</span> 
     </span>
    </p>

    <p class='ocr_par' dir='ltr' id='par_1_16' title="bbox 1519 2291 2577 2374">
     <span class='ocr_line' id='line_1_75' title="bbox 1519 2291 2577 2374; baseline 0.003 -25"><span class='ocrx_word' id='word_1_400' title='bbox 1519 2291 1813 2369; x_wconf 75' lang='lat' dir='ltr'>Praefatio.</span> <span class='ocrx_word' id='word_1_401' title='bbox 1900 2295 2013 2363; x_wconf 79' lang='lat' dir='ltr'>Qui</span> <span class='ocrx_word' id='word_1_402' title='bbox 2043 2293 2318 2374; x_wconf 87' lang='lat' dir='ltr'>corporali</span> <span class='ocrx_word' id='word_1_403' title='bbox 2336 2294 2577 2373; x_wconf 80' lang='lat' dir='ltr'>jejunio·</span> 
     </span>
    </p>

    <p class='ocr_par' dir='ltr' id='par_1_17' title="bbox 1523 2370 1899 2431">
     <span class='ocr_line' id='line_1_76' title="bbox 1523 2370 1899 2431; baseline 0.003 -2"><span class='ocrx_word' id='word_1_404' title='bbox 1523 2370 1899 2431; x_wconf 61' lang='lat' dir='ltr'>Communia?</span> 
     </span>
    </p>

    <p class='ocr_par' dir='ltr' id='par_1_18' title="bbox 1439 2448 2646 2662">
     <span class='ocr_line' id='line_1_77' title="bbox 1508 2448 2646 2518; baseline -0.001 -15"><span class='ocrx_word' id='word_1_405' title='bbox 1508 2448 1712 2504; x_wconf 87' lang='lat' dir='ltr'>Servite</span> <span class='ocrx_word' id='word_1_406' title='bbox 1737 2449 1967 2504; x_wconf 91' lang='lat' dir='ltr'>Domino</span> <span class='ocrx_word' id='word_1_407' title='bbox 1998 2450 2058 2502; x_wconf 91' lang='lat' dir='ltr'>in</span> <span class='ocrx_word' id='word_1_408' title='bbox 2095 2449 2300 2518; x_wconf 87' lang='lat' dir='ltr'>timore,</span> <span class='ocrx_word' id='word_1_409' title='bbox 2326 2455 2381 2504; x_wconf 92' lang='lat' dir='ltr'>et</span> <span class='ocrx_word' id='word_1_410' title='bbox 2405 2448 2646 2503; x_wconf 84' lang='lat' dir='ltr'>exultate</span> 
     </span>
     <span class='ocr_line' id='line_1_78' title="bbox 1439 2519 2645 2591; baseline -0.002 -17"><span class='ocrx_word' id='word_1_411' title='bbox 1439 2519 1487 2574; x_wconf 91' lang='lat' dir='ltr'>ei</span> <span class='ocrx_word' id='word_1_412' title='bbox 1526 2537 1646 2573; x_wconf 92' lang='lat' dir='ltr'>cum</span> <span class='ocrx_word' id='word_1_413' title='bbox 1686 2528 1950 2575; x_wconf 86' lang='lat' dir='ltr'>tremore:</span> <span class='ocrx_word' id='word_1_414' title='bbox 1994 2521 2378 2591; x_wconf 85' lang='lat' dir='ltr'>apprehendite</span> <span class='ocrx_word' id='word_1_415' title='bbox 2412 2520 2645 2590; x_wconf 80' lang='lat' dir='ltr'>discipli-</span> 
     </span>
     <span class='ocr_line' id='line_1_79' title="bbox 1440 2591 2315 2662; baseline 0 -19"><span class='ocrx_word' id='word_1_416' title='bbox 1440 2608 1584 2659; x_wconf 81' lang='lat' dir='ltr'>nam,</span> <span class='ocrx_word' id='word_1_417' title='bbox 1613 2609 1681 2644; x_wconf 90' lang='lat' dir='ltr'>ne</span> <span class='ocrx_word' id='word_1_418' title='bbox 1706 2592 1933 2662; x_wconf 84' lang='lat' dir='ltr'>pereatis</span> <span class='ocrx_word' id='word_1_419' title='bbox 1957 2592 2022 2646; x_wconf 92' lang='lat' dir='ltr'>de</span> <span class='ocrx_word' id='word_1_420' title='bbox 2046 2592 2134 2645; x_wconf 85' lang='lat' dir='ltr'>via</span> <span class='ocrx_word' id='word_1_421' title='bbox 2148 2591 2315 2661; x_wconf 87' lang='lat' dir='ltr'>justa.</span> 
     </span>
    </p>

    <p class='ocr_par' dir='ltr' id='par_1_19' title="bbox 1524 2662 1994 2721">
     <span class='ocr_line' id='line_1_80' title="bbox 1524 2662 1994 2721; baseline 0 -2"><span class='ocrx_word' id='word_1_422' title='bbox 1524 2662 1994 2721; x_wconf 78' lang='lat' dir='ltr'>Postcommum&#39;o.</span> 
     </span>
    </p>

    <p class='ocr_par' dir='ltr' id='par_1_20' title="bbox 1445 2739 2651 3112">
     <span class='ocr_line' id='line_1_81' title="bbox 1524 2739 2647 2818; baseline -0.002 -19"><span class='ocrx_word' id='word_1_423' title='bbox 1524 2739 1778 2799; x_wconf 87' lang='lat' dir='ltr'>Coelestis</span> <span class='ocrx_word' id='word_1_424' title='bbox 1802 2741 1932 2804; x_wconf 82' lang='lat' dir='ltr'>vitae</span> <span class='ocrx_word' id='word_1_425' title='bbox 1953 2761 2187 2799; x_wconf 89' lang='lat' dir='ltr'>munere</span> <span class='ocrx_word' id='word_1_426' title='bbox 2207 2739 2472 2818; x_wconf 83' lang='lat' dir='ltr'>vegetati,</span> <span class='ocrx_word' id='word_1_427' title='bbox 2494 2759 2647 2818; x_wconf 80' lang='lat' dir='ltr'>quee-</span> 
     </span>
     <span class='ocr_line' id='line_1_82' title="bbox 1445 2816 2649 2894; baseline -0.003 -17"><span class='ocrx_word' id='word_1_428' title='bbox 1445 2838 1656 2888; x_wconf 90' lang='lat' dir='ltr'>sumus,</span> <span class='ocrx_word' id='word_1_429' title='bbox 1687 2818 1931 2877; x_wconf 87' lang='lat' dir='ltr'>Domine</span> <span class='ocrx_word' id='word_1_430' title='bbox 1959 2818 2113 2876; x_wconf 87' lang='lat' dir='ltr'>Deus</span> <span class='ocrx_word' id='word_1_431' title='bbox 2145 2826 2368 2876; x_wconf 88' lang='lat' dir='ltr'>noster:</span> <span class='ocrx_word' id='word_1_432' title='bbox 2407 2825 2472 2875; x_wconf 92' lang='lat' dir='ltr'>ut</span> <span class='ocrx_word' id='word_1_433' title='bbox 2498 2816 2649 2894; x_wconf 92' lang='lat' dir='ltr'>quod</span> 
     </span>
     <span class='ocr_line' id='line_1_83' title="bbox 1447 2896 2651 2974; baseline -0.003 -19"><span class='ocrx_word' id='word_1_434' title='bbox 1447 2906 1535 2956; x_wconf 90' lang='lat' dir='ltr'>est</span> <span class='ocrx_word' id='word_1_435' title='bbox 1562 2896 1722 2953; x_wconf 88' lang='lat' dir='ltr'>nobis</span> <span class='ocrx_word' id='word_1_436' title='bbox 1757 2896 1817 2952; x_wconf 91' lang='lat' dir='ltr'>in</span> <span class='ocrx_word' id='word_1_437' title='bbox 1857 2896 2126 2974; x_wconf 70' lang='lat' dir='ltr'>praesenti</span> <span class='ocrx_word' id='word_1_438' title='bbox 2155 2896 2271 2953; x_wconf 89' lang='lat' dir='ltr'>vita</span> <span class='ocrx_word' id='word_1_439' title='bbox 2294 2896 2651 2971; x_wconf 89' lang='lat' dir='ltr'>mysterium,</span> 
     </span>
     <span class='ocr_line' id='line_1_84' title="bbox 1448 2971 2651 3033; baseline -0.002 0"><span class='ocrx_word' id='word_1_440' title='bbox 1448 2975 1554 3033; x_wconf 88' lang='lat' dir='ltr'>fiat</span> <span class='ocrx_word' id='word_1_441' title='bbox 1608 2975 1943 3032; x_wconf 77' lang='lat' dir='ltr'>aeternitatis</span> <span class='ocrx_word' id='word_1_442' title='bbox 1985 2973 2276 3032; x_wconf 82' lang='lat' dir='ltr'>auxilium.</span> <span class='ocrx_word' id='word_1_443' title='bbox 2374 2971 2489 3032; x_wconf 89' lang='lat' dir='ltr'>Per</span> <span class='ocrx_word' id='word_1_444' title='bbox 2535 2973 2651 3031; x_wconf 88' lang='lat' dir='ltr'>Do·</span> 
     </span>
     <span class='ocr_line' id='line_1_85' title="bbox 1450 3054 1690 3112; baseline 0 -1"><span class='ocrx_word' id='word_1_445' title='bbox 1450 3054 1690 3112; x_wconf 79' lang='lat' dir='ltr'>minum.</span> 
     </span>
    </p>

    <p class='ocr_par' dir='ltr' id='par_1_21' title="bbox 1537 3128 2053 3210">
     <span class='ocr_line' id='line_1_86' title="bbox 1537 3128 2053 3210; baseline -0.008 -20"><span class='ocrx_word' id='word_1_446' title='bbox 1537 3131 1721 3210; x_wconf 78' lang='lat' dir='ltr'>Super</span> <span class='ocrx_word' id='word_1_447' title='bbox 1747 3128 2053 3209; x_wconf 76' lang='lat' dir='ltr'>Populum.</span> 
     </span>
    </p>

    <p class='ocr_par' dir='ltr' id='par_1_22' title="bbox 1458 3206 2657 3351">
     <span class='ocr_line' id='line_1_87' title="bbox 1534 3206 2657 3285; baseline -0.005 -16"><span class='ocrx_word' id='word_1_448' title='bbox 1534 3211 1793 3269; x_wconf 88' lang='lat' dir='ltr'>Oremus.</span> <span class='ocrx_word' id='word_1_449' title='bbox 1882 3206 2201 3266; x_wconf 86' lang='lat' dir='ltr'>Humiliate</span> <span class='ocrx_word' id='word_1_450' title='bbox 2241 3206 2428 3285; x_wconf 88' lang='lat' dir='ltr'>capita</span> <span class='ocrx_word' id='word_1_451' title='bbox 2467 3213 2657 3265; x_wconf 85' lang='lat' dir='ltr'>vestra</span> 
     </span>
     <span class='ocr_line' id='line_1_88' title="bbox 1458 3295 1598 3351; baseline -0.043 0"><span class='ocrx_word' id='word_1_452' title='bbox 1458 3295 1598 3351; x_wconf 91' lang='lat' dir='ltr'>Deo.</span> 
     </span>
    </p>

    <p class='ocr_par' dir='ltr' id='par_1_23' title="bbox 1534 3366 1752 3426">
     <span class='ocr_line' id='line_1_89' title="bbox 1534 3366 1752 3426; baseline -0.005 0"><span class='ocrx_word' id='word_1_453' title='bbox 1534 3366 1752 3426; x_wconf 75' lang='lat' dir='ltr'>Oratio.</span> 
     </span>
    </p>

    <p class='ocr_par' dir='ltr' id='par_1_24' title="bbox 1461 3440 2663 3817">
     <span class='ocr_line' id='line_1_90' title="bbox 1540 3440 2658 3523; baseline 0.001 -23"><span class='ocrx_word' id='word_1_454' title='bbox 1540 3461 1569 3500; x_wconf 80' lang='lat' dir='ltr'>s</span> <span class='ocrx_word' id='word_1_455' title='bbox 1588 3445 1700 3503; x_wconf 87' lang='lat' dir='ltr'>Fac</span> <span class='ocrx_word' id='word_1_456' title='bbox 1727 3465 1843 3516; x_wconf 90' lang='lat' dir='ltr'>nos,</span> <span class='ocrx_word' id='word_1_457' title='bbox 1865 3462 2203 3523; x_wconf 78' lang='lat' dir='ltr'>quaesumuS,</span> <span class='ocrx_word' id='word_1_458' title='bbox 2226 3444 2490 3516; x_wconf 90' lang='lat' dir='ltr'>Domine,</span> <span class='ocrx_word' id='word_1_459' title='bbox 2512 3440 2658 3502; x_wconf 87' lang='lat' dir='ltr'>salu·</span> 
     </span>
     <span class='ocr_line' id='line_1_91' title="bbox 1461 3522 2663 3582; baseline -0.003 0"><span class='ocrx_word' id='word_1_460' title='bbox 1461 3525 1536 3582; x_wconf 91' lang='lat' dir='ltr'>tis</span> <span class='ocrx_word' id='word_1_461' title='bbox 1589 3532 1798 3582; x_wconf 75' lang='lat' dir='ltr'>nostrae</span> <span class='ocrx_word' id='word_1_462' title='bbox 1850 3543 2071 3582; x_wconf 85' lang='lat' dir='ltr'>causas:</span> <span class='ocrx_word' id='word_1_463' title='bbox 2125 3531 2185 3581; x_wconf 88' lang='lat' dir='ltr'>et</span> <span class='ocrx_word' id='word_1_464' title='bbox 2243 3522 2461 3581; x_wconf 85' lang='lat' dir='ltr'>devotis</span> <span class='ocrx_word' id='word_1_465' title='bbox 2515 3542 2663 3580; x_wconf 90' lang='lat' dir='ltr'>sem-</span> 
     </span>
     <span class='ocr_line' id='line_1_92' title="bbox 1462 3600 2663 3681; baseline -0.003 -20"><span class='ocrx_word' id='word_1_466' title='bbox 1462 3622 1566 3681; x_wconf 88' lang='lat' dir='ltr'>per</span> <span class='ocrx_word' id='word_1_467' title='bbox 1605 3600 1964 3679; x_wconf 87' lang='lat' dir='ltr'>frequentare</span> <span class='ocrx_word' id='word_1_468' title='bbox 2006 3601 2267 3674; x_wconf 85' lang='lat' dir='ltr'>servitiis,</span> <span class='ocrx_word' id='word_1_469' title='bbox 2310 3609 2370 3661; x_wconf 91' lang='lat' dir='ltr'>et</span> <span class='ocrx_word' id='word_1_470' title='bbox 2408 3600 2663 3659; x_wconf 86' lang='lat' dir='ltr'>devotius</span> 
     </span>
     <span class='ocr_line' id='line_1_93' title="bbox 1463 3676 2662 3817; baseline -0.006 -77"><span class='ocrx_word' id='word_1_471' title='bbox 1463 3679 1709 3817; x_wconf 47' lang='lat' dir='ltr'>{Scelere</span> <span class='ocrx_word' id='word_1_472' title='bbox 1737 3680 2123 3761; x_wconf 88' lang='lat' dir='ltr'>principaliter</span> <span class='ocrx_word' id='word_1_473' title='bbox 2163 3679 2467 3738; x_wconf 72' lang='lat' dir='ltr'>inchoatae.</span> <span class='ocrx_word' id='word_1_474' title='bbox 2548 3676 2662 3735; x_wconf 87' lang='lat' dir='ltr'>Per</span> 
     </span>
    </p>

    <p class='ocr_par' dir='ltr' id='par_1_25' title="bbox 1525 3758 1848 3818">
     <span class='ocr_line' id='line_1_94' title="bbox 1525 3758 1848 3818; baseline -0.009 0"><span class='ocrx_word' id='word_1_475' title='bbox 1525 3758 1795 3818; x_wconf 88' lang='lat' dir='ltr'>ominum.</span> <span class='ocrx_word' id='word_1_476' title='bbox 1820 3767 1848 3805; x_wconf 70' lang='grc'><strong>8</strong></span> 
     </span>
    </p>
   </div>
   <div class='ocr_carea' id='block_1_9' title="bbox 1462 4221 2678 4579">
    <p class='ocr_par' dir='ltr' id='par_1_26' title="bbox 1471 4221 2044 4295">
     <span class='ocr_line' id='line_1_95' title="bbox 1471 4221 2044 4295; baseline -0.01 -15"><span class='ocrx_word' id='word_1_477' title='bbox 1471 4226 1490 4263; x_wconf 74' lang='lat'>¹</span> <span class='ocrx_word' id='word_1_478' title='bbox 1523 4225 1609 4279; x_wconf 91' lang='lat' dir='ltr'>Ps.</span> <span class='ocrx_word' id='word_1_479' title='bbox 1635 4224 1690 4278; x_wconf 85' lang='lat' dir='ltr'>ii.</span> <span class='ocrx_word' id='word_1_480' title='bbox 1721 4224 1789 4295; x_wconf 89' lang='lat' dir='ltr'>(v.</span> <span class='ocrx_word' id='word_1_481' title='bbox 1821 4223 1905 4292; x_wconf 87' lang='lat'>11,</span> <span class='ocrx_word' id='word_1_482' title='bbox 1934 4221 2044 4293; x_wconf 89' lang='grc'><strong>12.)</strong></span> 
     </span>
    </p>

    <p class='ocr_par' dir='ltr' id='par_1_27' title="bbox 1462 4290 2678 4579">
     <span class='ocr_line' id='line_1_96' title="bbox 1470 4290 2677 4363; baseline 0 -19"><span class='ocrx_word' id='word_1_483' title='bbox 1470 4306 1499 4344; x_wconf 82' lang='lat' dir='ltr'>s</span> <span class='ocrx_word' id='word_1_484' title='bbox 1559 4295 1767 4349; x_wconf 88' lang='lat' dir='ltr'>Fideles</span> <span class='ocrx_word' id='word_1_485' title='bbox 1828 4295 1922 4362; x_wconf 88' lang='lat' dir='ltr'>tui,</span> <span class='ocrx_word' id='word_1_486' title='bbox 1980 4293 2137 4360; x_wconf 77' lang='lat' dir='ltr'>Deae,</span> <span class='ocrx_word' id='word_1_487' title='bbox 2200 4290 2469 4363; x_wconf 85' lang='lat' dir='ltr'>perpetuis</span> <span class='ocrx_word' id='word_1_488' title='bbox 2522 4290 2677 4345; x_wconf 86' lang='lat' dir='ltr'>donis</span> 
     </span>
     <span class='ocr_line' id='line_1_97' title="bbox 1471 4362 2678 4434; baseline -0.003 -15"><span class='ocrx_word' id='word_1_489' title='bbox 1471 4368 1769 4434; x_wconf 87' lang='lat' dir='ltr'>firmentur,</span> <span class='ocrx_word' id='word_1_490' title='bbox 1840 4371 1905 4418; x_wconf 91' lang='lat' dir='ltr'>ut</span> <span class='ocrx_word' id='word_1_491' title='bbox 1967 4364 2151 4418; x_wconf 88' lang='lat' dir='ltr'>eadem</span> <span class='ocrx_word' id='word_1_492' title='bbox 2216 4364 2274 4415; x_wconf 91' lang='lat' dir='ltr'>in</span> <span class='ocrx_word' id='word_1_493' title='bbox 2338 4362 2678 4433; x_wconf 84' lang='lat' dir='ltr'>percipiendo</span> 
     </span>
     <span class='ocr_line' id='line_1_98' title="bbox 1471 4432 2677 4506; baseline -0.003 -17"><span class='ocrx_word' id='word_1_494' title='bbox 1471 4435 1765 4506; x_wconf 84' lang='lat' dir='ltr'>requirant,</span> <span class='ocrx_word' id='word_1_495' title='bbox 1816 4440 1871 4488; x_wconf 86' lang='lat' dir='ltr'>et</span> <span class='ocrx_word' id='word_1_496' title='bbox 1917 4434 2205 4503; x_wconf 80' lang='lat' dir='ltr'>quaerendo</span> <span class='ocrx_word' id='word_1_497' title='bbox 2243 4432 2360 4488; x_wconf 88' lang='lat' dir='ltr'>sine</span> <span class='ocrx_word' id='word_1_498' title='bbox 2406 4433 2515 4487; x_wconf 89' lang='lat' dir='ltr'>fine</span> <span class='ocrx_word' id='word_1_499' title='bbox 2559 4449 2677 4505; x_wconf 85' lang='lat' dir='ltr'>per·</span> 
     </span>
     <span class='ocr_line' id='line_1_99' title="bbox 1462 4503 1959 4579; baseline -0.012 -16"><span class='ocrx_word' id='word_1_500' title='bbox 1462 4503 1845 4579; x_wconf 84' lang='lat' dir='ltr'>cipiant.—94.</span> <span class='ocrx_word' id='word_1_501' title='bbox 1874 4504 1959 4558; x_wconf 86' lang='lat'>97.</span> 
     </span>
    </p>
   </div>
  </div>
 </body>
</html>
