2975 5009
154 205 282 271 173

230 374 694 435 Postcommwnio.

230 453 483 545 Corporis
543 461 605 511 et
657 452 944 531 sanguinis
997 452 1350 524 sacrosancti,

716 215 944 266 FERIA
976 215 1309 266 SECUNDA
1356 218 1532 268 Pos'r
1579 217 2091 268 REMINISOERE.

2550 198 2677 264 174

1463 386 1653 433 catum
1674 381 1763 434 est
1778 393 1987 433 nomen
2006 382 2169 432 tuum
2192 392 2204 429 ε
2232 391 2417 450 neque
2437 369 2589 430 enim
2618 370 2679 428 in

1462 452 1957 533 justificationibus
2005 451 2213 510 nostris
2264 448 2679 529 prosternimus

152 533 407 604 Domine,
425 551 767 609 quaesumus,
793 532 978 610 gratia
1004 550 1104 589 nos
1125 539 1356 610 sumpta
1467 551 1663 610 preces
1690 540 1823 590 ante
1859 530 2059 589 faciem
2099 537 2258 589 tuam
2298 529 2397 587 sed
2423 527 2483 584 in
2511 528 2679 586 mise-

154 612 411 682 vivificet,
451 618 511 669 et
547 611 702 686 quod
750 610 1002 685 mysticis
1047 610 1358 667 actionibus

156 689 461 828 pollicetur,
484 689 718 747 aeternis
745 688 1039 747 effectibus
1065 686 1355 767 largiatur.

213 789 272 827 er
302 768 626 825 Dominum.

260 949 468 1023 Feria
521 951 834 1022 secunda
888 962 1053 1046 post
1121 950 1366 1024 Remi-

163 1074 457 1125 mscere-

242 1148 339 1207 Ad
363 1147 625 1205 Missam.
712 1146 1025 1224 Officium.⁸

245 1226 483 1285 Redime
523 1246 634 1297 me,
675 1224 942 1297 Domine,
990 1234 1050 1285 et
1098 1227 1367 1286 miserere

168 1306 277 1365 mei
301 1328 315 1365 ε
340 1324 436 1383 pes
465 1303 618 1362 enim
641 1324 800 1361 meus
817 1307 976 1363 stetit
1002 1306 1061 1362 in
1092 1306 1180 1362 via
1195 1314 1366 1377 recta,

169 1388 229 1444 in
255 1384 496 1442 ecclesiis
524 1383 855 1441 benedicam
884 1384 1215 1442 Dominum.

244 1462 560 1521 Psalmus.b

236 1539 430 1593 Judica
464 1555 567 1606 me,
606 1537 849 1608 Domine,
888 1538 1144 1609 quoniam
1180 1556 1276 1610 ego
1312 1539 1371 1592 in

168 1610 474 1664 innocentia
491 1626 612 1662 mea
630 1608 899 1679 ingressus
922 1627 1044 1662 sum
1065 1629 1077 1663 z
1104 1617 1158 1665 et
1182 1610 1243 1663 in
1268 1611 1371 1665 Do-

170 1682 313 1735 mino
335 1696 568 1752 sperans,
596 1696 706 1733 non
732 1680 1058 1734 infirmabor.

247 1753 566 1812 Flectamus
591 1772 791 1829 genua.
875 1752 1107 1812 Levate.

252 1830 467 1889 Oratim

255 1911 494 1979 Praesta,
588 1928 927 1985 quaesumuS,
1018 1911 1375 1988 omnipotens

174 1992 340 2060 Deus,
369 1995 436 2045 ut
475 1985 687 2043 familia
714 1995 810 2044 tua
829 2006 956 2063 quae
984 2007 1043 2046 se
1071 1987 1376 2067 affligendo

172 2087 395 2127 carnem
421 2067 493 2123 ab
511 2064 796 2123 alimentis
823 2066 1089 2137 abstinet,
1111 2066 1377 2125 sectando

165 2145 440 2226 justitiam
468 2164 503 2201 a
528 2141 690 2221 culpa
706 2142 948 2222 jejunet.
1031 2144 1144 2204 Per
1181 2144 1379 2202 Domi·

176 2245 329 2283 num.

248 2300 443 2359 Lectio
467 2299 734 2357 Danielis
763 2297 1104 2378 Prophetae.⁰
1143 2301 1146 2305 ’

251 2380 326 2438 In
375 2379 574 2437 diebus
615 2377 743 2449 illis,
796 2379 1001 2438 Oravit
1053 2378 1256 2437 Daniel
1310 2379 1382 2437 ad

174 2459 505 2527 Dominum,
534 2456 760 2514 dicens:
802 2459 1045 2517 Domine
1074 2458 1230 2517 Deus
1259 2478 1382 2516 nos-

174 2553 285 2610 ter,
334 2537 432 2614 qui
480 2536 726 2595 eduxisti
773 2537 1041 2615 populum
1099 2545 1258 2594 tuum
1312 2536 1384 2594 de

176 2628 335 2676 terra
362 2613 603 2692 AEgypti
640 2616 699 2670 in
728 2625 900 2671 manu
925 2615 1079 2687 forti,
1109 2623 1168 2673 et
1204 2612 1384 2672 fecisti

171 2696 280 2755 tibi
342 2713 553 2751 nomen
618 2694 926 2751 secundum
994 2693 1148 2752 diem
1203 2691 1382 2751 hanc:

172 2772 546 2854 peccavimuS,
582 2770 938 2849 iniquitatem
978 2771 1229 2843 fecimuS,
1270 2771 1386 2831 Do-

174 2853 354 2923 mine,
425 2850 486 2906 in
553 2869 780 2907 omnem
839 2850 1120 2930 justitiam
1186 2859 1386 2909 tuam:

170 2936 471 2989 avertatur
497 2929 722 2986 obsecro
749 2930 836 2986 ira
870 2939 969 2987 tua
996 2938 1055 2987 et
1079 2929 1236 2986 furor
1261 2937 1391 2987 tuus

169 3030 207 3067 a
238 3009 478 3067 civitate
517 3015 617 3065 tua
654 3006 1017 3066 Hierusalem
1047 3018 1105 3065 et
1136 3028 1172 3065 a
1197 3015 1390 3065 monte

169 3096 377 3146 sancto
438 3094 552 3143 tuo.
647 3085 894 3164 Propter
958 3093 1184 3164 peccata
1239 3085 1390 3143 enim

170 3177 380 3224 nostra
420 3173 481 3221 et
526 3162 853 3241 iniquitates
895 3178 1124 3244 patrum
1172 3171 1388 3222 nostro·

174 3265 332 3315 rum,
362 3241 730 3301 Hierusalem
770 3252 830 3301 et
874 3241 1110 3322 populus
1156 3251 1286 3301 tuus
1332 3242 1392 3298 in

173 3321 553 3401 opprobrium
596 3329 728 3377 sunt
763 3323 1022 3379 omnibus
1061 3340 1165 3400 per
1196 3319 1394 3378 circui-

173 3409 303 3458 tum
362 3406 639 3457 nostrum.
746 3399 917 3458 Nunc
983 3420 1120 3477 ergo
1172 3397 1395 3470 exaudi,

178 3480 338 3536 Deus
397 3485 609 3547 noster,
652 3478 965 3536 orationem
1013 3478 1160 3535 servi
1203 3479 1288 3535 tui
1338 3484 1397 3535 et

177 3577 384 3634 preces
422 3554 581 3632 ejus:
627 3564 686 3613 et
727 3557 960 3615 ostende
999 3555 1198 3614 faciem
1238 3564 1395 3613 tuam

176 3655 357 3714 super
391 3634 774 3693 sanctuarium
813 3645 976 3693 tuum
1016 3635 1165 3714 quod
1206 3634 1399 3693 deser-

156 3721 309 3771 -tum
332 3722 446 3784 est.
515 3712 763 3789 Propter
784 3714 1150 3791 temetipsum
1170 3711 1396 3784 inclina,

179 3790 346 3850 Deus
412 3811 591 3861 meus,
644 3811 837 3849 aurem
898 3800 1055 3850 tuam
1109 3800 1169 3850 et
1221 3792 1397 3850 audi:

176 3870 346 3946 aperi
378 3869 575 3927 oculos·
603 3878 729 3927 tuos
757 3879 817 3929 et
843 3870 969 3929 vide
997 3869 1400 3928 desolationem

179 3957 446 4006 nostram
467 3958 527 4007 et
554 3948 841 4007 civitatem
869 3969 1035 4028 super
1055 3969 1224 4027 quam
1246 3948 1403 4006 invo-

179 4096 210 4125 ⁸
247 4089 341 4143 Ps.
371 4108 495 4144 xxv.
521 4088 687 4160 (xxvi.
719 4089 802 4159 11,
834 4090 942 4162 12.)

166 4157 211 4195 ’ὓ
248 4160 333 4242 ib.-
359 4161 432 4243 (νζ.
463 4160 553 4283 11))

183 4239 215 4335 :3
250 4248 514 4355 aaa
545 4229 913 4372 <1{}·.¹5?‘2¹.{'·>

186 4378 214 4406 e
253 4387 370 4423 non
399 4371 602 4425 habent
625 4371 708 4425 92.
738 4372 821 4426 94.
851 4372 934 4426 97.
963 4372 1047 4426 98.

186 4437 210 4476 ¹
243 4457 366 4512 cap.
397 4441 505 4496 viii.
534 4441 591 4495 O.
615 4442 683 4511 (v.
711 4443 928 4514 21-29.)

1467 610 1787 669 rationibus
1816 609 1929 667 tuis
1957 607 2167 666 multis.

1471 689 1645 761 mine,
1699 687 1936 766 placare,
1992 687 2280 746 Domine:
2335 684 2568 743 attende
2621 691 2683 743 et

1470 766 1594 825 fac:
1650 787 1724 825 ne
1770 767 2006 824 moreris
2034 775 2270 845 propter
2296 762 2681 839 temetipsum,

1474 845 1632 905 Deus
1675 866 1865 904 meus:
1910 845 2046 923 quia
2080 864 2286 901 nomen
2329 851 2492 900 tuum
2522 841 2681 898 invo-

1475 933 1663 981 catum
1719 932 1805 983 est
1853 944 2024 1002 super
2075 922 2359 981 civitatem
2404 927 2464 978 et
2515 938 2685 998 super

1477 1000 1746 1081 populum
1774 1011 1956 1075 tuum,
1986 1001 2229 1059 Domine
2258 1001 2412 1058 Deus
2440 1006 2650 1056 noster.

2274 606 2523 677 Exaudi,
2566 607 2682 663 Do-

1561 1078 1866 1138 Gradalefl

1550 1157 1661 1239 Adj
1670 1164 1791 1212 utor
1825 1174 1977 1211 meus
2013 1163 2068 1211 et
2104 1156 2358 1210 liberator
2381 1169 2532 1208 meus
2559 1158 2686 1221 est0‚

1481 1228 1744 1282 Domine:
1771 1247 1840 1282 ne
1864 1228 2170 1282 tardaveris.

1492 1299 1552 1353 V.
1628 1299 2045 1353 Oonfundantur
2079 1305 2135 1352 et
2169 1300 2515 1352 revereantur
2533 1303 2557 1331 Θ
2582 1293 2682 1346 ini-

1481 1369 1610 1424 mici
1627 1372 1768 1424 meie
1790 1390 1801 1423 :
1828 1370 1921 1441 qui
1946 1375 2198 1439 quaerunt
2234 1368 2472 1421 animam
2495 1382 2687 1418 meam.

1600 1442 1838 1500 Tractus
1915 1440 2145 1494 Domine
2216 1456 2327 1492 non
2395 1435 2690 1490 secundum

1487 1518 1685 1590 Quaere
1710 1540 1886 1598 supra
1908 1519 2071 1595 feria
2091 1526 2241 1576 sexta
2272 1519 2531 1589 Quatuor
2557 1522 2691 1571 tem-

1475 1618 1704 1675 porum.

1569 1673 1888 1734 Secundum
1915 1674 1970 1733 J
1963 1675 2277 1733 ohannem

1566 1754 1640 1811 In
1666 1754 1764 1813 illo
1790 1762 2065 1833 tempore,
2095 1754 2261 1811 Dixit
2298 1751 2339 1809 J
2342 1771 2465 1809 esus
2504 1747 2687 1807 turbis

1488 1833 1533 1893 J
1534 1834 1861 1905 udaeorum;
1918 1834 2044 1912 Ego
2097 1834 2257 1903 vad0,
2314 1838 2374 1888 et
2427 1827 2693 1905 quaeretis

1489 1932 1600 1986 me,
1650 1920 1708 1971 et
1749 1912 1808 1969 in
1849 1920 2076 1990 peccato
2116 1920 2303 1970 vestro
2347 1904 2688 1965 moriemini.

1494 1991 1623 2058 Quo
1651 2011 1757 2070 ego
1784 1992 1940 2063 vado,
1965 2011 2059 2049 vos
2080 2010 2194 2048 non
2221 1986 2457 2069 potestis
2477 1983 2691 2043 venire.

1494 2071 1933 2148 Dicebantergo
1957 2068 2001 2127 J
2002 2069 2193 2128 udaeis
2210 2090 2226 2141 ;
2271 2064 2568 2141 Numquid
2607 2062 2697 2120 in-

1492 2149 1737 2207 terficiet
1764 2149 2169 2226 semetipsum?
2197 2146 2330 2226 quia
2354 2145 2530 2214 dicit3
2569 2142 2697 2211 Quo

1494 2248 1599 2305 ego
1626 2228 1786 2299 vad0,
1815 2248 1911 2285 vos
1932 2247 2046 2284 non
2071 2226 2301 2305 potestis
2329 2222 2538 2283 venire.
2619 2221 2700 2281 Et

1495 2308 1719 2365 dicebat
1745 2308 1824 2364 eis
1848 2328 1864 2378 3
1891 2305 2009 2364 Vos
2035 2306 2107 2365 de
2129 2306 2390 2364 deorsum
2414 2301 2566 2372 estiS,
2594 2319 2700 2378 ego

1496 2385 1568 2444 de
1605 2386 1856 2465 superius
1893 2405 2052 2443 sum:
2097 2404 2193 2441 vos
2227 2383 2300 2441 de
2340 2380 2553 2439 mundo
2591 2378 2698 2437 hoc

1499 2464 1649 2535 estiS,
1704 2484 1808 2542 ego
1861 2484 1976 2521 non
2029 2483 2154 2521 sum
2209 2462 2281 2520 de
2327 2460 2434 2518 hoc
2472 2457 2700 2514 mundo.

1499 2543 1641 2601 Dixi
1684 2562 1819 2621 ergo
1864 2542 2043 2615 vobiS,
2097 2540 2229 2618 quia
2269 2536 2590 2598 moriemini
2642 2534 2703 2591 in

1500 2621 1739 2700 peccatis
1785 2620 2016 2679 vestris:
2072 2619 2119 2676 si
2156 2619 2307 2677 enim
2363 2636 2476 2673 non
2519 2613 2699 2673 credi-

1500 2700 1697 2758 deritis
1748 2698 1878 2776 quia
1931 2718 2035 2776 ego
2088 2717 2230 2769 sum,
2271 2693 2590 2753 moriemini
2644 2692 2705 2748 in

1502 2785 1729 2857 peccato
1747 2785 1952 2835 vestro.
2035 2774 2316 2833 Dicebant
2336 2792 2471 2851 ergo
2498 2772 2589 2842 ei3
2618 2770 2704 2828 Tu

1504 2857 1626 2933 quis
1649 2875 1707 2914 es
1729 2857 1753 2915 ἓ
1836 2855 2000 2913 Dixit
2018 2855 2095 2912 eis
2115 2854 2158 2911 J
2160 2871 2311 2922 esus3
2334 2849 2705 2927 Principium,

1504 2936 1602 3012 qui
1629 2942 1689 2992 et
1713 2933 1909 3010 loquor
1938 2933 2108 2991 vobis,
2187 2928 2378 2987 Multa
2418 2927 2596 2986 habeo
2635 2927 2709 2985 de

1504 3012 1660 3071 vobis
1700 3011 1870 3089 loqui,
1900 3019 1958 3071 et
1976 3011 2267 3089 judicare:
2306 3008 2403 3065 sed
2429 3006 2527 3083 qui
2557 3004 2709 3062 misit

1507 3113 1598 3151 me
1632 3111 1805 3151 verax
1841 3099 1956 3150 est:
2006 3099 2067 3148 et
2107 3107 2212 3166 ego
2245 3105 2372 3162 quae
2411 3083 2599 3142 audivi
2639 3086 2711 3141 ab

1507 3191 1587 3243 e0,
1610 3169 1732 3228 haec
1752 3169 1948 3246 loquor
1967 3169 2028 3226 in
2050 3166 2279 3225 mundo.
2360 3164 2440 3223 Et
2456 3182 2570 3219 non
2588 3181 2713 3239 cog-

1508 3257 1788 3307 noverunt
1834 3246 2013 3325 quiah
2055 3248 2287 3305 Patrem
2330 3243 2450 3321 ejus
2491 3241 2715 3299 dicebat

1508 3327 1747 3386 Deum.h
1824 3327 1990 3385 Dixit
2032 3345 2167 3405 ergo
2204 3324 2281 3382 eis
2320 3322 2522 3393 Jesus;
2570 3320 2716 3379 Cum

1508 3405 1888 3464 exaltaveritis
1906 3406 2111 3463 Filium
2135 3402 2420 3472 HominiS,
2439 3409 2573 3458 tunc
2588 3417 2716 3475 cog-

1510 3485 1749 3543 noscetis
1794 3485 1926 3561 quia
1965 3505 2069 3563 ego
2114 3503 2276 3552 sum3
2325 3489 2385 3539 et
2429 3499 2465 3537 a
2505 3476 2719 3555 meipso

1509 3562 1652 3621 facio
1691 3562 1851 3634 nihil,
1886 3563 1983 3622 sed
2026 3564 2168 3620 sicut
2207 3560 2394 3620 docuit
2421 3578 2513 3616 me
2543 3557 2717 3614 Pater

1513 3641 1637 3701 haec
1676 3641 1910 3720 loquor;
1950 3649 2011 3701 et
2037 3641 2133 3719 qui
2174 3660 2267 3698 me
2295 3637 2466 3708 misit,
2495 3654 2714 3694 mecum

1515 3729 1618 3793 est,
1660 3728 1720 3779 et
1760 3741 1874 3778 non
1916 3719 2144 3797 reliquit
2186 3739 2276 3776 me
2322 3716 2533 3775 solum:
2588 3713 2720 3789 quia

1516 3819 1620 3878 ego
1647 3820 1773 3876 quse
1800 3798 2005 3878 placita
2034 3806 2167 3855 sunt
2194 3797 2265 3868 ei,
2293 3794 2433 3853 facio
2472 3812 2716 3871 semper.

1600 3874 2005 3953 offertorium.¹

1587 3954 1910 4009 Benedicam
1936 3951 2229 4008 Dominum
2255 3950 2350 4021 qui
2374 3948 2567 4005 tribuit
2585 3949 2723 4003 mihi

1520 4099 1548 4137 8
1583 4089 1699 4154 Quo
1717 4089 1806 4144 hio
1819 4090 1994 4143 iturus
2008 4095 2100 4158 est,
2119 4086 2248 4158 quia
2264 4104 2375 4140 non
2393 4084 2729 4140 inveniemus

1521 4178 1645 4214 eum
1659 4162 1684 4213 ‘?
1719 4161 1985 4229 numquid
2004 4160 2061 4213 in
2082 4160 2459 4230 dispersionem
2484 4158 2729 4228 gentium

1521 4232 1698 4284 iturus
1720 4237 1800 4284 est
1823 4237 1878 4285 et
1901 4231 2153 4286 docturus
2174 4230 2399 4301 gentes?
2471 4228 2733 4284 Dicebant

1523 4300 1842 4449 ξ’ῗιῖἷὲιῗὲ
1852 4301 2373 4453 {Jtffikssssafff-‘Q
2402 4371 2485 4426 97.
2515 4370 2599 4423 98.

1527 4452 1540 4478 ¹
1581 4442 1651 4496 Ps
1674 4459 1759 4496 xv,
1790 4443 1917 4514 (xvi.
1950 4445 1996 4512 7,
2026 4444 2073 4512 8,
2105 4444 2150 4512 1,
2180 4442 2229 4509 2,
2258 4442 2333 4512 5.)
