2975 5009
298 260 427 324 639

302 483 308 490 .
402 508 662 585 Oratio
712 504 1021 578 dicenda
1060 529 1109 576 a
1160 506 1509 578 sacerdote

300 621 452 706 post
483 610 800 681 missam.

384 707 767 786 Omnipotens
795 701 1144 780 sempiterne
1171 701 1348 776 Deus,
1366 722 1509 762 con-

302 793 556 847 servator
572 775 891 842 animarum
918 781 1229 860 mundique
1245 781 1509 860 redemp-

301 873 433 938 tor3
476 883 568 923 me
600 860 873 920 famulum
911 868 1073 917 tuum
1122 866 1257 917 ante
1303 860 1511 950 majes-

303 952 485 1003 tatem
513 952 671 1000 tuam
714 945 1066 1019 prostratum
1109 937 1512 1015 benignisslme

304 1022 553 1100 respice:
616 1028 677 1078 et
720 1020 825 1075 hoc
866 1013 1203 1073 sacrificium
1251 1015 1404 1093 quod
1447 1016 1510 1074 in

304 1099 521 1160 honore
541 1096 788 1157 nominis
809 1093 900 1155 'tui
927 1111 1035 1174 pro
1054 1092 1233 1152 salute
1254 1091 1510 1152 fidelium

303 1190 425 1239 tam
479 1179 732 1236 vivorum
795 1192 964 1250 quam
1019 1182 1392 1243 mortuorum,
1445 1192 1512 1230 ac

305 1259 478 1317 etiam
534 1274 640 1336 pro
699 1251 938 1331 peccatis
991 1257 1053 1308 et
1105 1250 1510 1310 offensionibus

305 1335 514 1396 nostris
556 1330 753 1402 obtuli,
795 1327 1046 1407 piissime
1086 1329 1323 1406 respice,
1362 1328 1508 1385 iram

304 1422 466 1472 tuam
493 1429 693 1471 amove
726 1430 761 1467 a
788 1428 900 1478 me,
932 1405 1179 1484 gratiam
1208 1416 1267 1466 et
1294 1407 1509 1465 miseri*

305 1493 557 1551 cordiam
597 1499 757 1547 tuam
799 1484 941 1542 mihi
979 1485 1239 1555 concede,
1271 1486 1511 1562 januam

307 1569 556 1651 paradisi
596 1566 740 1624 mihi
782 1563 989 1644 pande,
1030 1573 1090 1620 et
1129 1565 1202 1621 ab
1249 1562 1514 1621 omnibus

308 1648 472 1707 malis
499 1666 590 1705 me
623 1653 891 1723 potenter
919 1641 1114 1719 eripe;
1157 1649 1216 1699 et
1243 1641 1509 1719 quicquid

306 1735 471 1787 reatu
524 1722 757 1806 'proprio
802 1720 1064 1783 commisi„
1105 1718 1384 1798 indulge,;“
1432 1719 1512 1778 sic

307 1806 371 1863 in
413 1806 518 1863 hoc
557 1801 765 1861 saeculo
801 1798 1102 1877 praeceptis
1141 1799 1254 1855 tuis
1295 1818 1386 1856 me
1426 1796 1514 1854 fac

306 1899 669 1964 perseverare
722 1887 787 1945 ut
852 1877 1059 1955 dignus
1101 1875 1316 1950 efficiar
1368 1874 1512 1939 elec·

306 1971 498 2021 torum
536 1959 700 2039 gregi
737 1954 1025 2035 copulari3
1085 1963 1144 2012 te
1181 1961 1511 2034 praestante,

310 2042 467 2101 Deus
508 2058 688 2110 mene,
715 2036 871 2114 cujus
893 2041 1108 2094 'nomen
1149 2032 1510 2094 benedictum

307 2118 491 2178 honor
541 2129 714 2195 atque
775 2132 1018 2191 regnum
1084 2119 1387 2188 permanet
1450 2109 1512 2169 in

307 2196 511 2258 saecula
528 2193 885 2262 saeculorum.
967 2189 1202 2250 Amen?

414 2428 675 2507 Oratio
725 2424 1033 2499 dicenda
1065 2448 1117 2495 a
1166 2424 1515 2497 sacerdote

298 2543 462 2629 post
493 2531 808 2602 missam.

394 2628 775 2707 Omnipotens
794 2621 1144 2701 sempiterne
1170 2621 1347 2694 DeuS,
1371 2620 1416 2680 J
1416 2641 1516 2680 esu

309 2708 559 2779 Christe,
602 2704 869 2775 Domine,
901 2711 1024 2761 esto
1062 2700 1344 2781 propitius
1383 2720 1513 2780 pec-

312 2788 452 2850 catis
479 2786 637 2857 meis,
664 2802 769 2863 per
789 2778 1244 2857 assumptionem
1263 2780 1514 2858 corporis

313 2874 375 2926 et
414 2863 706 2946 sanguinis
755 2861 841 2920 tui
872 2880 889 2920 z
955 2867 1019 2916 tu
1073 2859 1228 2925 enim
1280 2855 1514 2935 loquens

314 2944 534 3014 dixisti,
564 2942 681 3012 Qui
719 2938 1024 2997 manducat
1062 2956 1247 2995 meam
1284 2956 1514 2996 carnem

313 3032 376 3082 et
435 3023 580 3085 bibit
637 3038 829 3078 meum
884 3036 986 3076 san
1066 3016 1239 3087 inem,
1297 3015 1357 3071 in
1420 3035 1514 3074 me

314 3111 511 3162 manet
536 3108 596 3161 et
622 3119 728 3179 ego
751 3098 812 3156 in
840 3114 924 3154 ec.
986 3036 1149 3153 giiico
1188 3102 1247 3153 te
1273 3092 1513 3172 supplex

315 3179 609 3260 deprecor,
629 3189 696 3236 ut
720 3178 782 3235 in
810 3193 901 3232 me
927 3193 1022 3232 cor
1043 3172 1319 3231 mundum
1338 3188 1513 3243 crece,

317 3267 376 3317 et
402 3259 665 3340 spiritum
692 3261 908 3315 rectum
938 3254 1000 3310 in
1027 3252 1333 3312 visceribus
1373 3250 1516 3311 meis

314 3338 579 3410 innoves3
620 3345 680 3395 et
706 3333 909 3413 spiritu
937 3327 1235 3409 principali
1262 3350 1357 3388 me
1383 3348 1514 3387 con-

315 3416 549 3475 firmare
582 3411 874 3491 digneris3
931 3419 1101 3484 atque
1140 3409 1213 3465 ab
1253 3408 1516 3479 omnibus

315 3494 536 3554 insidiis
574 3488 783 3550 diaboli
822 3507 890 3548 ac
934 3486 1087 3543 vitiis
1132 3484 1404 3543 emundes
1451 3495 1516 3546 ut

315 3573 647 3652 gaudiorum
668 3566 977 3641 coelestium
999 3581 1221 3620 merear
1241 3580 1357 3621 esse
1384 3583 1514 3641 par-

314 3652 510 3729 ticeps·
592 3649 704 3717 Qui
729 3644 870 3703 vivis
897 3650 958 3702 et
982 3638 1237 3719 regnas.b

415 3817 672 3935 Oratio
721 3813 1028 3890 dicenda
1073 3837 1123 3884 α
1170 3812 1518 3885 sacerdote

302 3933 465 4017 post
497 3942 811 3990 messam.

1079 268 1499 319 ORA'HONES
1532 265 1708 321 POST
1739 268 2031 320 menan.

2709 253 2836 318 640

1623 447 1828 508 precor
1869 427 2209 488 immensam
2253 423 2615 487 clementiam
2651 434 2833 499 tuam,

1624 509 1987 585 omnipotens
2013 514 2073 566 et
2105 506 2428 565 misericors
2469 506 2739 578 Domine,
2767 517 2834 564 ut

1624 584 1749 645 haec
1791 593 1985 644 sancta
2029 585 2352 643 communio
2398 604 2513 643 non
2559 586 2638 644 sit
2691 583 2834 642 mihi

1623 665 1697 722 ad
1729 664 2004 742 judicium
2035 667 2135 721 seu
2160 662 2234 720 ad
2272 662 2835 732 condemnationem,

1625 744 1725 802 sed
1777 743 1855 801 sit
1901 740 2044 798 mihi
2091 739 2266 798 arrha
2310 739 2450 800 fidei
2504 750 2566 801 et
2610 751 2833 801 scutum

1626 822 1790 880 bonae
1810 819 2115 878 voluntatis
2134 819 2209 876 ad
2232 820 2584 880 evacuandas
2604 819 2836 879 insidias

1625 898 1841 958 inimici
1857 899 1930 957 de
1951 908 2147 957 mente
2167 916 2311 968 mea,
2330 897 2403 956 ad
2424 898 2832 977 extirpandam

1625 977 1911 1056 superbiae
1946 984 2186 1055 pestem,
2221 975 2372 1053 gulae
2410 974 2734 1049 libidinem,
2750 1018 2757 1022 -
2774 988 2838 1035 et

1623 1054 1834 1134 linguae
1849 1055 2266 1134 procacitatem,
2281 1061 2339 1112 et
2351 1054 2424 1112 ad
2439 1053 2583 1113 illud
2595 1055 2836 1113 introire

1623 1135 1943 1192 convivium
1990 1134 2089 1192 ubi
2128 1130 2230 1191 lux
2275 1152 2408 1192 vera
2448 1141 2510 1193 et
2554 1134 2652 1194 ubi
2693 1142 2832 1196 sunt

1623 1222 1899 1347 pJerpetua
1915 1211 2123 1291 gaudia
2130 1210 2428 1289 justorum.
2483 1211 2659 1284 Item,
2677 1222 2834 1302 peto,

1687 1292 1892 1362 omine,
1922 1299 1988 1348 ut
2023 1288 2146 1348 haec
2171 1297 2366 1348 sancta
2403 1309 2732 1348 communio
2758 1290 2837 1349 sit

1625 1368 1768 1427 mihi
1833 1370 1956 1428 dux
2007 1376 2067 1427 et
2121 1367 2388 1426 viaticum
2456 1369 2531 1426 ad
2598 1376 2835 1447 portum

1623 1446 1817 1506 salutis
1860 1460 2112 1506 mternae.
2206 1447 2347 1524 Ipsa
2380 1445 2463 1506 sit
2505 1446 2652 1506 mihi
2695 1467 2837 1506 con-

1623 1524 1823 1586 solatio
1847 1528 1987 1586 dum
2006 1523 2249 1586 tribulor
2274 1524 2333 1581 in
2361 1525 2834 1603 cogitationibus;

1623 1604 1684 1662 in
1724 1607 1873 1665 bono
1912 1604 2205 1685 proposito
2240 1621 2402 1660 amor
2426 1604 2832 1676 suavissimus;

1623 1683 1686 1740 in
1712 1684 2081 1743 tribulatione
2111 1689 2173 1741 et
2211 1680 2470 1759 angustia
2510 1682 2832 1760 patientia:

1624 1760 1686 1820 in
1735 1761 2076 1821 infirmitate
2121 1759 2419 1820 medicina.
2538 1760 2657 1820 Per
2711 1761 2838 1836 haec

1624 1841 2000 1902 sacratissima
2060 1838 2333 1915 mysteria
2395 1855 2527 1914 quae
2595 1840 2833 1920 sumpsi,

1625 1927 1838 1997 praesta
1854 1918 2016 1978 :mihi
2055 1918 2237 1982 fidem
2267 1923 2502 1992 rectam,
2530 1936 2695 1996 spem
2737 1917 2836 1977 fir-

1625 2018 1800 2069 mam,
1827 1998 2239 2074 caritatemque
2270 1994 2599 2073 perfectam,
2622 1998 2836 2059 mundi

1625 2076 2207 2143 abrenunciationem,
2224 2073 2490 2132 desiderii
2517 2074 2837 2151 purificati-

1626 2174 1815 2226 onem,
1843 2154 2053 2214 mentis
2074 2151 2467 2223 dulcedinem,
2494 2152 2585 2210 tui
2626 2154 2841 2222 arden-

1624 2240 1746 2294 tem
1785 2232 2165 2303 dilectionem,
2206 2230 2280 2290 ad
2319 2228 2515 2289 dilecti
2566 2225 2706 2291 Filii
2726 2225 2839 2296 ‘tui

1626 2312 1900 2392 passionis
1966 2309 2298 2370 memoriam
2364 2328 2429 2367 ac
2493 2310 2837 2369 viscerosam

1627 2391 2110 2469 compassionem3
2157 2386 2333 2445 vitam
2372 2389 2562 2446 meam
2602 2386 2837 2468 plenam

1627 2468 1929 2527 virtutibus
1967 2469 2030 2526 in
2056 2476 2157 2526 tua
2189 2464 2356 2524 laude
2382 2473 2442 2542 et
2462 2467 2840 2545 ‘sincerabfide

1625 2565 1874 2619 servare,
1896 2554 1957 2605 et
1982 2547 2043 2604 in
2073 2545 2216 2603 hora
2234 2543 2421 2603 exitus
2449 2545 2564 2604 mei
2585 2547 2837 2626 gratiam

1626 2624 1776 2683 tanti
1816 2624 2074 2701 mysterii
2129 2643 2256 2682 cum
2301 2639 2437 2680 vera
2482 2621 2620 2695 fide,
2675 2633 2840 2683 certa

1626 2722 1750 2782 spe,
1791 2712 1852 2763 et
1891 2704 2111 2763 sincera
2146 2700 2385 2761 caritate
2420 2701 2737 2781 percipere,
2766 2713 2838 2760 nt

1627 2789 1687 2840 te
1717 2781 1935 2840 videam
1965 2780 2088 2840 sine
2114 2780 2250 2838 fine.
2335 2779 2578 2839 Amen.⁶

1627 2858 1969 2937 Presbyter,
1986 2860 2048 2919 in
2074 2857 2293 2922 Christi
2351 2881 2363 2886 ·
2678 2891 2685 2896 ·

1704 2959 1902 2997 mensa
1926 2939 2066 3017 quid
2084 2936 2227 3016 agis,
2248 2938 2401 2997 'hene
2427 2955 2624 3017 pensa.

1626 3017 1759 3079 Aut
1781 3017 1887 3076 tibi
1914 3019 2033 3078 vita
2055 3017 2246 3087 datur,
2316 3085 2321 3089 ⁴
2648 3071 2666 3078 ..
2686 3072 2709 3080 ..

1703 3104 1803 3154 aut
1829 3115 1984 3155 mors
2011 3103 2229 3155 aeterna
2255 3100 2510 3172 paratur.

1628 3173 1781 3231 Dum
1808 3174 2043 3233 candela
2070 3172 2197 3244 luit,

1704 3271 1765 3311 se
1790 3252 2036 3313 destruit
2061 3249 2394 3325 officiando;

1626 3327 1935 3423 Presbyter
1960 3331 2041 3391 ita
2066 3329 2202 3401 ruit,

1705 3409 1754 3467 si
1779 3418 1856 3469 sit
1881 3430 2029 3482 reue,
2056 3406 2411 3468 celebrando.

1626 3490 1792 3553 Mors
1818 3497 1937 3562 tua,
1964 3508 2117 3547 mors
2141 3485 2375 3556 Christi,

1705 3567 1858 3628 fraus
1884 3566 2102 3640 mundi,
2128 3564 2312 3646 gloria
2334 3559 2481 3638 coeli,

1627 3648 1707 3708 Et
1733 3645 1893 3705 dolor
1918 3644 2148 3718 inferni,

1704 3733 1840 3787 sunt
1864 3723 2235 3786 memoranda
2254 3720 2377 3781 tibi.

1628 3923 1647 3932 e
1728 3881 1987 3958 Oratio
2035 3882 2240 3957 valde
2287 3880 2472 3951 bona
2521 3879 2848 3954 diemde

396 4016 626 4080 Gratias
678 4014 785 4074 tibi
850 4031 975 4092 ago,
1029 4010 1279 4070 Domine
1334 4010 1512 4082 Deus,
1609 3981 1776 4084 1)όεί
1806 3984 2322 4056 celebrationem
2359 3979 2615 4054 missae.

313 4085 675 4175 omnipotens
703 4094 894 4164 Pater,
923 4090 1020 4168 qui
1047 4110 1140 4149 me
1166 4089 1431 4225 dignatus
1454 4108 1513 4146 es

312 4179 517 4237 satiare
544 4193 775 4266 corpore
803 4180 862 4264 et
879 4170 1149 4249 sanguine
1168 4169 1227 4261 di
1254 4167 1363 4261 ecti
1380 4165 1513 4225 Filii

310 4258 396 4317 tui
423 4254 658 4331 Domini
682 4259 862 4311 nostri
895 4250 939 4310 J
941 4269 1038 4310 esu
1075 4247 1311 4312 Christi.
1379 4245 1512 4333 ¹De·

308 4418 338 4450 ὓ
372 4427 440 4466 ex
462 4408 532 4463 26
556 4408 869 4463 desumitur.

309 4482 338 4523 b
372 4500 440 4540 ex
461 4483 534 4539 26
556 4479 869 4536 desumitur.

1706 4082 1935 4144 Gratias
1955 4101 2060 4160 ago
2085 4080 2210 4152 tibi,
2229 4077 2550 4138 dulcissime
2579 4077 2850 4138 Domine

1621 4161 1666 4221 J
1668 4181 1768 4222 esu
1832 4160 2081 4233 Christe,
2136 4157 2237 4216 lux
2290 4175 2444 4228 vera,
2505 4154 2663 4213 salus*
2711 4176 2852 4217 cre-

1621 4240 1902 4312 dentium,
1948 4238 2213 4302 solatium
2267 4234 2541 4309 tristium,
2587 4251 2855 4318 spesque

1622 4410 1646 4439 ⁶
1666 4367 1749 4455 *ex
1773 4398 1842 4452 26
1868 4393 2182 4452 desumitur.
