2975 5009
360 222 489 286 303

358 391 579 447 Domini
614 392 876 448 exaltavit
911 411 999 449 me
1027 414 1038 447 :
1076 411 1190 450 non
1227 395 1439 465 moriar,
1480 396 1574 451 sed

359 464 554 533 vivam,
583 470 637 517 et
663 465 891 518 narrabo
915 482 1074 535 opera
1098 466 1336 520 Domini.

440 534 743 593 Ponantur
759 557 792 592 a
816 546 844 574 ⁸
859 538 1194 596 subdiacono
1210 552 1238 580 ⁸
1254 547 1359 595 tres
1379 538 1571 595 hostiae

360 614 439 670 ad
464 614 896 671 consecrandum
914 636 937 685 ;
975 636 1218 691 quarum
1245 616 1372 673 duce
1399 638 1567 674 reser-

359 700 555 749 ventur
590 693 655 749 in
690 692 1017 764 crastinum,
1062 714 1180 750 una
1221 694 1299 750 ad
1315 695 1569 771 percipi-

358 770 565 827 endum
592 791 628 826 a
655 770 929 827 sacerdote
951 793 974 841 ;
1002 771 1223 849 reliqua
1242 780 1305 828 ut
1321 781 1570 849 ponatur

358 868 487 905 cum
514 869 669 905 cruce
698 848 764 905 in
789 849 1091 926 sepulchro.

438 925 677 986 Secreta.

438 1004 569 1082 Ipse
588 1004 711 1075 tibi,
730 1000 1064 1083 quaesumuS,
1088 1004 1354 1077 Domine,
1373 1012 1566 1064 sancte

362 1082 554 1154 Pater,
579 1084 935 1161 omnipotens
963 1092 1176 1141 aeterne
1199 1085 1372 1155 DeuS,
1397 1083 1569 1141 sacri-

362 1161 552 1218 ficium
582 1170 838 1218 nostrum
881 1162 1084 1219 reddat
1124 1172 1434 1240 acceptum,
1470 1162 1594 1239 qui.

358 1238 642 1317 discipulis
659 1239 769 1297 suis
786 1241 846 1296 in
867 1239 952 1296 sui
972 1241 1565 1298 commemorationem

360 1315 465 1373 hoc
513 1316 641 1375 fieri
695 1316 969 1376 hodierna
1014 1318 1321 1376 traditione
1377 1337 1565 1375 mons-

358 1395 551 1466 travit,
569 1395 613 1454 J
615 1416 737 1454 esus
763 1395 1022 1456 Christus
1051 1396 1329 1456 Dominus
1352 1405 1563 1455 noster.

363 1472 478 1540 Qui
506 1484 709 1532 tecum.

439 1551 713 1627 Proefatz‘o
742 1552 1095 1627 quotidiana.

436 1629 569 1686 Hac
589 1630 681 1687 die
705 1631 940 1689 Sanctus
963 1629 1277 1687 solemniter
1293 1637 1563 1701 cantetur,

360 1706 485 1764 licet
524 1708 806 1785 episcopus
835 1708 1088 1784 defuerit.
1171 1707 1342 1784 Infra
1378 1708 1564 1765 Cano-

357 1805 484 1843 nem
524 1788 1019 1844 communicantes
1046 1794 1096 1843 et
1123 1785 1290 1844 Hanc
1318 1787 1493 1864 igitur
1516 1793 1565 1843 et

359 1863 471 1931 Qui
499 1865 719 1942 pridie3
770 1873 821 1921 et
852 1865 1120 1921 dicuntur
1147 1873 1265 1920 tam
1302 1885 1339 1921 a
1378 1885 1563 1921 sacer-

358 1942 480 1999 dote
527 1963 698 2019 quam
741 1943 810 2000 db
858 1943 1127 2019 episcopo,
1211 1942 1346 1999 Tres
1389 1942 1566 2019 pueri

359 2029 487 2077 ante
523 2021 632 2078 olei
657 2022 1117 2078 consecrationem
1143 2020 1318 2077 simul
1344 2028 1565 2077 cantent

357 2098 505 2157 hunc
544 2099 815 2175 hymnum
832 2102 859 2140 b
899 2100 965 2155 in
1017 2097 1478 2176 superpellicii5,b
1510 2098 1562 2157 Ο

357 2176 769 2253 Redempt0ffl‘
882 2175 1096 2235 Chorus
1150 2177 1302 2234 ide-m
1355 2184 1565 2253 repetat

348 2263 477 2331 post
509 2275 950 2331 unumquemque
991 2276 1228 2312 versum.
1310 2254 1443 2311 Hac
1470 2255 1564 2311 die

356 2353 470 2390 ‘non
490 2333 705 2390 dicitur
733 2334 936 2409 Agnus
959 2332 1088 2403 Dei,
1110 2354 1207 2390 nec
1234 2334 1362 2389 Pam
1383 2332 1562 2403 detur,

357 2410 477 2468 nisi
503 2411 785 2487 episcopus
811 2411 1160 2468 celebraverit
1179 2433 1202 2481 ;
1251 2417 1381 2467 tunc
1407 2412 1563 2467 enim

357 2488 573 2546 dicitur
612 2490 666 2546 A
706 2510 810 2547 nus
865 2489 994 2560 Dei,
1048 2488 1363 2546 solemniter
1414 2509 1564 2545 more

356 2566 603 2644 duplicis
653 2511 810 2643 ffiesti,
879 2575 928 2624 et
992 2568 1145 2625 sacri
1226 2566 1564 2625 Chrismatis

357 2646 613 2721 ampulla
638 2666 741 2722 pro
766 2648 917 2703 Pace
944 2645 1297 2703 deosculetur.

441 2722 822 2781 Commumo.⁰

426 2799 690 2855 Dominus
707 2801 748 2853 J
749 2817 867 2854 esus
884 2805 1164 2872 postquam
1185 2800 1420 2853 coenavit
1438 2818 1560 2853 cum

354 2870 629 2943 discipulis
663 2872 788 2941 suis,
827 2872 961 2925 lavit
996 2871 1156 2942 pedes
1191 2888 1373 2925 eorum
1404 2877 1459 2924 et
1482 2869 1562 2925 ait

353 2975 382 3005 ⁸
417 2967 814 3022 diacona—92.

353 3038 382 3075 b
420 3055 529 3092 non
553 3038 754 3092 habent
779 3037 863 3091 92.
891 3036 976 3091 94.
1004 3038 1088 3092 97.
1118 3037 1202 3090 98.

354 3119 379 3147 ο
414 3108 613 3163 Johan.
641 3126 753 3182 cap.
780 3108 894 3163 xiii.
931 3108 992 3162 Β.
1023 3110 1092 3180 (v.
1124 3108 1207 3161 12.
1238 3105 1347 3179 14.)

352 3205 390 3239 ‘¹'
425 3204 470 3259 O
496 3204 831 3277 Redemptor,
859 3222 1008 3258 sume
1032 3222 1246 3259 carnem

423 3282 589 3330 temet
611 3276 1026 3330 concinentium.

353 3358 504 3411 Audi
521 3359 693 3427 judex
718 3365 1063 3427 mortuorum,

424 3448 535 3483 una
557 3447 674 3501 spes
697 3429 1020 3483 mortalium.

352 3500 503 3553 Audi
529 3518 680 3555 voces
703 3500 1080 3571 proferentum,

422 3572 565 3625 dona
587 3571 731 3642 pacis
754 3570 1055 3642 praemium.

352 3653 527 3725 (Assit
550 3654 747 3708 flamen
771 3657 1181 3720 sacrosanctum,

422 3725 549 3779 olim
576 3743 671 3796 per
693 3724 958 3778 diluvium

350 3795 454 3861 Qui
480 3813 689 3849 ramum
716 3795 845 3848 tulit
868 3794 1025 3846 olivae

418 3867 489 3921 ad
511 3866 726 3921 archam
752 3862 1343 3932 Ecclesiae.—Process.)

351 3949 530 4003 Arbor
551 3948 684 4003 foeta
706 3948 851 4001 alma
874 3947 992 3999 luce

421 4021 521 4074 hoc
544 4019 859 4073 sacrandum
888 4015 1125 4086 protulit,

349 4090 476 4145 Fert
498 4091 598 4144 hoc
623 4106 789 4159 prona
812 4104 1044 4158 praesens
1069 4086 1228 4141 turba

418 4160 682 4215 Salvatori
705 4158 905 4213 saeculi.

349 4244 666 4298 Oonsecrare
689 4248 751 4296 tu
777 4242 1011 4312 dignare,

419 4315 535 4369 Rex
559 4314 808 4385 perennis
830 4313 1035 4385 patriae,

349 4384 467 4439 Hoc
490 4385 664 4440 oleum
691 4385 928 4455 (olivum,
955 4382 1217 4452 Process.)
1242 4380 1457 4452 signum

421 4461 607 4509 contra
623 4456 752 4527 jura
776 4455 1102 4510 daemonum.
1343 4450 1553 4520 [vivum

1033 238 1256 289 FERIA
1291 240 1572 300 QUIN'I'A
1607 241 1680 290 IN
1711 242 1924 291 GOENA
1957 242 2244 293 DOMINI.

2752 228 2857 291 304

1687 397 1798 452 illis
1839 418 1850 450 ε
1893 398 2052 453 Scitis
2100 397 2233 468 quid
2278 395 2490 451 fecerim
2540 397 2687 452 vobis
2728 417 2739 452 τ
2780 416 2858 469 ego

1688 468 1953 523 Dominus
2012 476 2067 523 et
2114 469 2366 539 magister
2415 468 2716 540 exemplum
2756 470 2858 524 dedi

1686 539 1848 608 vobis,
1880 546 1943 593 ut
1966 546 2021 593 et
2048 555 2137 594 vos
2158 540 2238 593 ita
2259 537 2482 592 faciatis.

1756 611 2003 668 Cantata
2031 610 2448 681 Communione,
2469 610 2663 666 statim
2679 611 2856 688 incipi-

1688 696 1860 746 antur
1908 690 2152 767 Vesperoe
2175 687 2396 764 festivae
2447 689 2569 746 sine
2623 690 2858 764 reqimine

1687 767 1843 824 chori
1864 776 1912 825 et
1928 769 2048 824 sine
2077 769 2229 825 Deus
2258 768 2316 823 in
2344 767 2708 843 adjutorium.
2779 768 2857 823 Ab
2927 827 2928 840 χ

1687 845 1879 921 aliquo
1926 846 1992 902 cle
2031 845 2313 922 superio&
2347 844 2538 921 yradu
2577 845 2859 923 incipiatur

1685 922 2040 1000 Antiphona,
2070 930 2332 989 Calicem.>

1762 1001 2095 1059 Psalmus.‹1
2927 1033 2928 1074 3

1763 1079 2012 1150 Credidi,
2083 1087 2275 1157 ropter
2305 1079 2456 1156 quod
2487 1077 2701 1138 locutus
2725 1099 2857 1137 sum:
2927 1083 2928 1086 ’

1685 1178 1789 1235 ego
1816 1168 2007 1217 autem
2078 1158 2362 1215 umiliatus
2390 1177 2515 1214 sum
2548 1159 2732 1215 nimis.
2927 1221 2928 1236 χ

1763 1236 1885 1315 Ego
1924 1236 2048 1295 dixi
2093 1237 2152 1292 in
2194 1256 2426 1295 excessu
2475 1256 2647 1295 meo:
2681 1236 2860 1294 Omnis
2927 1271 2928 1284 η

1683 1312 1855 1372 homo
1885 1316 2151 1373 mendax,

1763 1392 1914 1461 Quid
1936 1393 2245 1451 retribuam
2270 1390 2551 1450 Domino:
2582 1411 2686 1470 pro
2709 1391 2861 1449 omni-

1686 1472 1788 1529 bus
1816 1491 1943 1547 quae
1971 1471 2235 1530 retribuit
2263 1470 2406 1527 mihi
2431 1472 2454 1529 ’ἐ

1762 1547 2005 1609 Calicem
2046 1548 2306 1608 salutaris
2342 1548 2654 1626 accipiam:
2699 1555 2756 1607 et
2785 1567 2862 1604 no-

1685 1647 1816 1686 men
1844 1628 2079 1687 Domini
2108 1628 2390 1684 invocabo,

1766 1705 1924 1764 Vota
1963 1727 2089 1764 mea
2130 1705 2376 1762 Domino
2415 1704 2655 1762 reddam
2704 1723 2862 1762 coram

1685 1785 1839 1841 omni
1887 1784 2092 1863 populo
2146 1785 2301 1861 ejus:
2360 1783 2610 1861 pretiosa
2655 1784 2714 1839 in
2757 1802 2860 1839 con·
2927 1799 2928 1814 ³

1681 1871 1875 1941 spectu
1905 1863 2134 1919 Domini
2161 1882 2313 1918 mors
2341 1870 2664 1918 sanctorum
2694 1862 2813 1938 ejus.

1766 1939 1819 1999 Ο
1862 1941 2123 2013 Domine,
2165 1942 2297 2017 quia
2335 1959 2441 2015 ego
2486 1959 2684 1997 servus
2725 1954 2860 1996 tuus:

1684 2038 1788 2096 ego
1814 2039 2006 2077 servus
2034 2028 2181 2090 tune,
2211 2027 2271 2077 et
2298 2018 2449 2075 filius
2477 2016 2704 2075 ancillae
2729 2026 2840 2074 tuae.

1764 2096 2048 2176 Dirupisti
2074 2096 2294 2155 vincula
2333 2116 2495 2167 mea3
2539 2097 2647 2154 tibi
2677 2093 2862 2153 sacrifi-

1682 2176 1817 2233 cabo
1862 2174 2102 2233 hostiam
2143 2175 2360 2233 laudis:
2409 2181 2470 2232 et
2515 2193 2727 2232 nomen
2767 2172 2860 2229 Do·

1684 2253 1823 2310 mini
1851 2254 2137 2313 invocabo,

1764 2331 1921 2391 Vota
1948 2353 2074 2390 mea
2112 2331 2361 2390 Domino
2401 2330 2642 2389 reddam
2673 2331 2727 2386 in
2752 2348 2860 2387 con-

1682 2420 1877 2487 spectu
1931 2412 2115 2468 omnis
2168 2407 2359 2488 populi
2406 2410 2526 2485 ejus
2560 2431 2574 2468 z
2626 2410 2686 2465 in
2729 2406 2859 2465 atriis

1682 2488 1882 2546 domus
1923 2489 2178 2560 Domini,
2220 2488 2278 2546 in
2319 2488 2508 2546 medio
2546 2486 2633 2545 tui
2674 2486 2859 2544 Hieru-

1681 2565 1874 2625 salem.

1758 2643 1902 2703 Non
1929 2645 2145 2703 dicitur
2183 2643 2378 2703 Gloria
2419 2644 2584 2703 Patri
2610 2643 2705 2700 sed
2732 2660 2860 2719 repe·

1680 2731 1837 2780 tatur
1861 2724 2252 2800 Antiphona.e

1750 2800 1980 2855 Calicem
2007 2799 2257 2854 salutaris
2280 2798 2545 2870 accipiam
2575 2819 2587 2852 :
2614 2804 2668 2853 et
2690 2810 2860 2850 nomen

1680 2870 1895 2924 Domini
1921 2871 2193 2927 invocabo.

1676 2965 1707 3004 ἃ
1744 2967 1830 3021 Ps.
1856 2984 1975 3021 cxv.
2005 2967 2165 3038 (cxvi.
2194 2964 2411 3036 10-19.)

1678 3046 1702 3075 Θ
1739 3037 1826 3091 Ps.
1853 3055 1969 3092 cxv.
1998 3037 2155 3108 (cxvi.
2186 3035 2294 3107 13.)

1677 3191 1755 3245 Ut
1778 3197 2005 3245 novetur
2032 3207 2189 3243 sexus
2213 3189 2388 3243 omnis

1747 3262 1999 3316 unctione
2023 3260 2340 3330 chrismatiS,

1676 3332 1748 3385 Et
1771 3333 2014 3386 medetur
2041 3332 2278 3385 sauciata

1745 3402 2028 3474 dignitatis
2058 3402 2243 3473 gloria.

1673 3486 1834 3540 Stans
1859 3487 1925 3540 ad
1952 3503 2115 3554 aram,
2143 3486 2311 3539 immo
2333 3482 2575 3556 supplex,

1743 3557 2007 3611 infulatus
2030 3556 2273 3628 pontifex

1672 3627 1926 3682 Debitum
1959 3628 2223 3699 persolvat
2247 3642 2406 3679 omne

1742 3703 2042 3753 consecrato
2065 3698 2351 3751 chrismate
2371 3715 2384 3763 3

1671 3782 1754 3837 Sit
1778 3783 1895 3837 haec
1919 3783 2031 3836 dies
2054 3782 2189 3835 festa
2212 3780 2367 3835 nobis

1742 3854 2059 3907 saeculorum
2091 3852 2334 3917 saeculis3

1669 3923 1752 3978 Sit
1774 3931 1980 3978 sacrata
2002 3923 2161 3977 laude
2184 3924 2349 3993 digna

1742 4012 1840 4049 nec
1863 4000 2101 4049 senescat
2125 4000 2362 4063 tempore
2382 4009 2395 4056 ;

1671 4079 1816 4133 Laus
1838 4078 2090 4150 perennis
2113 4078 2224 4131 Deo
2248 4073 2402 4130 Patri

1741 4151 2016 4221 gloriaque
2041 4148 2191 4217 Filio,

1672 4220 1875 4289 Honor,
1904 4222 2076 4275 virtus
2098 4236 2160 4272 ac
2188 4221 2417 4289 potestas

1741 4293 2022 4347 amborum
2045 4283 2570 4344 Parmam-arad.
